2746 4866
557 167 757 242 4-17-
848 239 853 253 ,

75 376 272 442 culeiamrm.
328 371 528 438 Proculeius·
553 389 629 436 cum
653 366 754 436 fillum
783 376 880 438 suum
903 381 1052 438 moneret
1077 374 1113 438 ct'
1128 372 1236 440 horta-

77 472 188 541 retur,
218 460 378 526 audacter
406 478 450 522 ex
476 457 572 522 bonis
595 456 670 521 suis
694 466 860 538 sumptum
880 456 1004 524 faceret
1024 480 1106 546 quas
1127 459 1161 523 in
1181 480 1238 524 res

62 547 178 613 -vellet
198 555 297 631 atque
319 547 404 627 opus
426 538 533 622 esset,
553 561 617 606 nec
636 550 705 621 tum
725 542 866 627 denique
883 555 1035 627 speraret
1054 543 1239 611 hbertatem
1328 540 1341 579 ‘-

77 630 310 715 licentiamque
330 627 443 695 utendi
462 625 619 706 futuram,
642 635 831 708 cumpater
852 627 1066 708 decessisset,
1088 630 1142 694 oui
1161 631 1239 695 vivo

77 726 175 800 patre
195 712 384 800 promiscue
405 713 514 777 omnia
532 711 685 788 licerent3
708 709 795 777 filius
816 713 1057 796 respondisset,
1080 734 1148 778 non
1160 732 1239 780 csse

78 821 168 886 opus
190 817 294 883 saepe
316 798 434 862 eadem
457 797 604 862 oratione
627 793 774 893 moneri,
799 818 856 860 acc
875 820 911 860 re
928 805 1029 878 patric
1042 798 1168 862 morteri
1181 818 1239 862 ea-
1269 868 1273 875 ,

77 895 221 968 pectam
244 883 297 949 cui
311 881 507 948 Proculeius
520 890 617 965 pater
630 881 786 947 subiecit:
820 884 886 944 lmo
900 904 985 960 vero,
1007 889 1128 948 minime
1141 906 1240 947 meam

79 973 383 1116 rnortemrlgempectcs,
406 990 463 1032 nec
474 989 623 1049 properea
643 971 745 1030 moliri
757 975 796 1031 ut
813 970 946 1031 velocius
960 968 1117 1032 moriar.''·
1150 967 1239 1043 QUI·
1341 1020 1342 1025 ,

167 1139 242 1204 Non
264 1137 466 1205 obtrusisset
487 1136 539 1204 vir
561 1137 678 1202 doctus
701 1136 767 1202 scri
792 1136 854 1201 torl
876 1144 991 1201 nostro
1011 1136 1109 1202 istum
1133 1135 1242 1203 soloe-

82 1225 223 1290 cismum
253 1226 318 1285 Ima
345 1225 433 1285 haud
455 1231 630 1302 respectes,
673 1221 702 1286 si
730 1157 790 1286 veh
817 1221 1022 1285 emendatius
1055 1220 1243 1305 exemplum
1284 1262 1289 1285 .

82 1308 238 1375 Rutiliani
264 1308 377 1391 operis
404 1305 628 1371 consuluisset
649 1304 704 1369 vel
725 1305 958 1380 Quintilianum
985 1315 1077 1375 esset
1097 1317 1242 1374 secutus.

84 1393 188 1461 Cuius
208 1391 293 1458 haec
315 1400 406 1457 sunit
441 1389 529 1472 „Cui
551 1390 812 1474 (παρονομασίαν
828 1390 919 1473 dicit)
941 1388 1080 1455 confinis
1096 1402 1147 1457 est
1166 1388 1244 1454 dvcta
1266 1396 1275 1407 ’

83 1482 208 1552 alacer,
229 1472 380 1542 eiusdem
400 1477 495 1542 verbi
517 1474 682 1540 contraria
701 1474 901 1558 significatio.
945 1474 1029 1540 Cum
1048 1474 1243 1543 Proculeius
1308 1492 1311 1497 ·

84 1572 280 1650 quereretur
302 1562 344 1626 de
367 1561 451 1639 filio,
480 1560 569 1645 quod
588 1559 619 1623 is
639 1568 777 1623 mortem
799 1579 894 1623 suam
915 1569 1104 1641 reportaret,
1135 1572 1167 1626 et
1187 1559 1245 1627 ille

83 1647 239 1722 dixisset,
262 1667 297 1708 ae
317 1667 387 1709 vero
410 1665 473 1707 noo
493 1652 673 1724 expectare:
703 1648 811 1722 Imrno,
832 1643 952 1728 inquit,
974 1666 1047 1722 rapo
1068 1647 1245 1727 especiem?

82 1731 186 1816 Apud
205 1722 361 1794 Rutilium
380 1727 599 1794 Ruhnkenius
625 1725 703 1792 huic
729 1726 898 1809 exemplo,
927 1727 1048 1812 quippe
1070 1731 1159 1814 quod
1179 1730 1245 1795 Ro·
1356 1753 1362 1762 ·

83 1835 220 1882 manum
247 1817 307 1895 sit,
344 1835 420 1879 cum
444 1812 587 1878 Rutilius
612 1810 761 1896 Gorgian
788 1821 924 1876 secutus
951 1810 1082 1877 nonnisi
1105 1812 1245 1880 Graecis

83 1910 211 1980 utatur,
240 1896 331 1964 litem
355 1892 491 1965 intendit
515 1898 615 1982 idque
636 1894 691 1961 vel
714 1917 755 1961 ex
777 1894 975 1993 Quintiliano
997 1897 1051 1962 vel
1071 1899 1181 1979 potius
1204 1920 1247 1962 ex·

85 1984 153 2050 alio
173 1982 305 2048 rhetore
326 1982 442 2061 latino,
466 1981 521 2067 qui
541 1982 680 2064 perierit
698 2001 773 2044 cum
794 1980 869 2044 aliis
891 1981 1018 2059 multis,-
1046 1981 1247 2051 inculcatum

79 2069 241 2152 opinatus
260 2076 321 2133 est.
372 2068 437 2142 Qui
456 2067 621 2152 quomodo
644 2063 755 2130 locum
776 2065 1059 2148 corruptissimum
1081 2066 1249 2135 sanaverit

85 2154 176 2237 apud
203 2153 314 2237 ipsum
337 2149 441 2236 legas.
491 2149 683 2229 Postrema,
714 2170 801 2235 quae
826 2149 901 2215 sola
926 2149 992 2215 huc
1018 2149 1160 2232 faciunt,
1196 2153 1264 2237 sid*

85 2238 266 2305 scribenda
298 2228 435 2301 iudicat:
478 2233 572 2315 „Cui
597 2233 793 2323 Proculeius
827 2245 923 2318 pater
952 2233 1106 2300 subiecit:
1150 2241 1247 2301 Immo

84 2346 172 2402 vcro,
191 2321 310 2408 inquit,
331 2325 421 2384 velim
444 2341 542 2383 mecm
563 2328 690 2383 mortem
709 2328 868 2400 aspector,
889 2340 948 2382 nec
965 2340 1115 2401 properes
1135 2328 1245 2404 moltrt‘,

84 2418 122 2472 ut
137 2409 275 2483 ‚edoctu
292 2405 441 2469 morior.”
595 2464 596 2467 ,
636 2444 639 2451 ,
1317 2442 1321 2453 r

170 2525 214 2539 --
236 2488 288 2555 16.
325 2493 489 2568 „Rutilius
516 2489 648 2572 Lupus:
688 2487 769 2552 Item
789 2485 1179 2570 Theophrastus.dicitur
1200 2492 1247 2568 di·
1322 2496 1327 2507 ’

86 2580 195 2644 xisse:
224 2574 409 2645 ,Pmdenss
431 2593 509 2638 esse
529 2571 673 2641 officium
692 2573 865 2639 amicitiam
885 2573 1057 2657 probatam
1079 2585 1248 2658 appetere,
1363 2611 1365 2615 ·

87 2683 156 2728 non
182 2663 361 2746 appetitam
389 2658 617 2743 approbare.’'·
644 2660 695 2723 De
723 2660 830 2736 Piper.
852 2658 884 2738 1,
905 2657 935 2722 5.
966 2657 1019 2740 (1,
1041 2656 1069 2722 6.
1096 2659 1247 2744 potius.);

87 2754 167 2811 mois
187 2751 213 2808 tl
231 2743 370 2808 docueri
391 2752 453 2806 tort
473 2751 549 2807 cette
573 2751 716 2806 sentence
741 2764 854 2806 comino
881 2747 1019 2824 coeemplc
1039 2745 1247 2809 d'racolcre.”

88 2828 324 2908 QUICERAT.
372 2827 531 2908 Rutilius,
563 2830 658 2893 cuius
686 2828 821 2893 codices
849 2847 964 2905 omnes
993 2828 1083 2894 initio
1107 2827 1178 2916 §.a
1201 2830 1261 2895 la-·
1345 2864 1351 2871 -

89 2935 177 2982 cuna
196 2913 319 2980 foedati
346 2923 440 2992 sunt,
466 2912 523 2977 illu
546 2933 655 2998 neque
681 2922 837 2996 tanquam
859 2911 1084 2992 AnaclaseoS,
1112 2923 1149 2979 ut
1169 2914 1248 2989 Qui-

90 3007 226 3078 cerato,
256 3018 365 3084 neque
393 2997 560 3082 Epanodi‚
601 3006 637 3063 ut
666 3018 740 3062 cum
765 2997 889 3062 Vossio
915 2988 1112 3063 Ruhnkenio
1140 3000 1248 3065 visum

58 3100 73 3157 ι
90 3093 163 3164 est,
184 3080 368 3171 exemplum
389 3081 530 3166 profert,
555 3083 617 3148 sed
639 3080 900 3164 ἀντιμεταβολῆςς
924 3083 958 3146 id
975 3083 1066 3230 quod
1087 3082 1168 3163 satis
1180 3101 1247 3234 ἃᾶ.

88 3178 137 3233 tet
158 3187 200 3231 ex
222 3168 383 3250 scriptore
407 3177 529 3233 nostro.
579 3167 792 3252 Quanquam,
820 3168 849 3230 si
869 3166 954 3232 fides
990 3178 1159 3252 regmento
1234 3207 1247 3219 -

89 3253 148 3318 tilii
170 3250 445 3335 Schoepferiano,
479 3250 535 3317 ille
562 3253 906 3316 Metotteer'aqnomine
935 3252 981 3317 uti
1000 3250 1123 3318 maluit.
1165 3252 1247 3318 Pro-

90 3337 179 3403 fecto
208 3339 336 3402 mirum.
389 3337 475 3402 Vide
508 3337 555 3416 de
582 3337 646 3401 isto
675 3333 861 3421 fragmento
891 3338 963 3402 FB.
976 3338 1192 3403 IAGOBUM
1214 3339 1250 3403 in'

90 3421 341 3489 Animadverss.
370 3419 458 3486 Critt.
485 3423 519 3495 in
544 3420 640 3485 Rutil.
662 3420 746 3506 Lup.
768 3442 801 3504 p.
823 3421 865 3485 27
880 3441 930 3508 sq.
953 3459 995 3468 -
1037 3421 1159 3486 Noster
1190 3442 1247 3486 au-

91 3516 157 3590 tem
180 3506 279 3608 quam
301 3525 421 3590 presse
444 3515 590 3571 sectatus
612 3506 655 3570 sit
675 3505 895 3591 Theophrasti
915 3507 1020 3570 verba
1040 3507 1160 3591 ipsius,
1181 3526 1248 3570 non

91 3585 202 3657 Rutilii
227 3589 491 3670 translationem,
525 3589 667 3663 ostendit
692 3589 890 3656 Plutarchus
916 3590 970 3655 De
996 3590 1144 3654 Fratern.
1173 3589 1247 3655 Am.

91 3675 134 3756 ll,
158 3696 192 3759 p.
214 3676 293 3758 482,
316 3665 356 3740 Β.
399 3678 480 3750 Τοὺς
501 3673 693 3761 ἀλλοτρίουᾷ
722 3673 761 3750 ὥς
780 3679 867 3757 ἔλεγε
888 3671 1102 3762 Θεόφραστος,
1127 3671 1168 3734 ori
1190 3686 1247 3755 φι-

91 3763 313 3823 λοῦνταδεῖ
334 3760 483 3847 κρίνειν,
504 3757 604 3823 ἀλλὰ
625 3765 809 3845 κρίναντα
830 3762 964 3845 φιλεῖν.
993 3758 1077 3821 Hinc
1090 3756 1146 3822 illo
1160 3758 1248 3824 idem
1301 3798 1307 3809 ·

91 3846 230 3911 verbum
252 3851 399 3911 cernendi
419 3865 461 3911 ea
488 3853 650 3929 potestate
678 3844 866 3928 usurpavit,
888 3863 962 3933 xqua
984 3841 1135 3907 solebant
1156 3853 1248 3909 vem.

91 3931 213 3997 stiores
233 3929 404 4015 Augusteo
433 3950 518 3996 aevo
543 3928 734 4014 scriptores.
777 3931 909 4010 „Graan
939 3927 1101 3992 iudicavi'’
1123 3926 1249 3994 Paulus

65 4098 69 4103 Ι
91 4013 239 4102 Pestip.
255 4012 355 4094 53‚8.
376 4017 618 4080 MUELLER.
660 4014 773 4079 Verbo
796 4014 977 4092 admoneo,
999 4021 1148 4079 nostrum
1170 4033 1252 4162 quo·

58 4116 62 4127 ’
92 4121 157 4186 quc
178 4109 349 4171 auctorem
371 4101 510 4180 docere,
538 4113 637 4185 quam
656 4115 760 4182 prave
779 4096 997 4163 Ruhnkenius
1018 4119 1080 4159 oon
1099 4118 1182 4163 vocu
1196 4110 1254 4164 am
1309 4118 1337 4146 ·‹

58 4195 168 4250 :ante
196 4204 271 4250 voc
299 4193 460 4266 appetitam
484 4180 664 4263 tollendam
691 4204 771 4250 esse
796 4181 1021 4266 disputaverit.
1062 4178 1115 4247 De
1143 4181 1251 4266 figura
1334 4208 1337 4214 ¹

88 4271 178 4422 qugt.
197 4264 416 4344 Quintilianus
440 4263 503 4351 IX,
531 4268 569 4351 3,
595 4267 648 4352 85,
673 4279 707 4334 et
733 4268 923 4334 Alexander
952 4264 1071 4337 Walzii
1099 4265 1187 4349 Vlll,
1216 4287 1250 4349 p,
1343 4346 1347 4357 1

173 4438 290 4503 -17.
326 4439 399 4520 „Ge
424 4462 494 4504 ocra
522 4448 570 4503 ert
596 4443 665 4503 lieo
692 4416 832 4509 molodia
857 4443 892 4520 jc
918 4458 961 4501 aa
988 4442 1072 4501 crois
1099 4456 1162 4513 por
1190 4428 1271 4508 quita
1305 4499 1313 4507 .
1354 4500 1360 4515 Ι

1061 4557 1084 4604 'l-
