2746 4866
584 172 784 249 -nt-
914 166 918 177 ’

184 416 226 430 -
248 379 300 447 35.
343 377 518 450 DESl'llO
544 378 589 444 ad
607 390 758 447 normam
780 375 986 465 reliquarum
1008 375 1262 463 appellationum
1310 439 1314 453 ,

97 467 231 534 novavi.
272 467 423 529 Addatur
443 468 581 528 Ιιοωὶσίε.

184 587 228 599 -
249 548 303 616 36.
345 547 488 615 Rutdius
508 550 542 628 1,
561 547 594 627 Β.
638 545 887 615 κΕΡΙΡΗΟΚΑ.
929 551 1018 617 luter
1037 546 1104 614 hoc
1125 544 1262 613 schema

98 644 135 704 et
161 637 316 719 superius
344 631 604 720 (EPIBOLEN)
631 631 696 700 hoo
718 634 871 714 interest,
907 633 1058 718 quod-in
1086 635 1260 716 superiore

96 741 201 784 unum
220 720 360 785 verbum
382 718 534 802 pluribus
562 719 733 786 sententiis
758 718 982 803 anteponitur,
1013 719 1046 789 io
1064 716 1129 784 hoo
1151 726 1261 782 autem

97 805 243 869 omnium
265 805 501 886 sententiarum
523 823 625 879 uuum
647 813 746 889 atque
766 804 854 869 idem
875 802 1092 870 novissimum
1112 802 1259 867 verbum.

42 946 49 951 .
98 887 371 961 sostctrnuts2
400 889 494 962 „Nou
514 891 601 961 euim
621 887 707 953 alius
729 888 803 991 quis
825 897 878 954 est
898 888 994 959 ouius
1015 907 1119 979 opera
1139 889 1172 952 in
1196 883 1259 950 has

96 971 306 1053 difficultates
334 974 565 1049 inciderimusa
598 974 660 1045 sed
686 973 776 1037 iuituo
797 973 842 1037 ad
867 971 991 1039 bellum
1011 971 1259 1055 suscipiendum

94 1077 160 1126 nos
186 1061 328 1142 primum
354 1056 481 1143 impulit
507 1056 698 1207 Philipqm,
732 1057 852 1122 deinde
879 1059 914 1122 ln
934 1057 1010 1151 ipso
1037 1052 1116 1133 belli
1143 1055 1258 1120 labore

95 1162 140 1217 au
160 1143 310 1226 periculo
336 1144 481 1209 deseruit
500 1162 564 1219 nos
581 1141 609 1207 P
632 1141 771 1237 ilippus‚
792 1140 994 1208 novissimus
1014 1161 1101 1206 nune
1125 1137 1258 1204 calami·

93 1227 154 1292 teti
174 1237 309 1301 nostrae
329 1229 470 1312 proinde
492 1237 590 1314 atque
605 1227 723 1312 culpae
741 1228 933 1307 succensuit
951 1227 1040 1291 ldem
1054 1223 1257 1308 Philippus?

89 1306 327 1397 Ἀντιστροφήν
346 1312 434 1378 hano
453 1313 594 1398 liguram
613 1320 711 1382 vocat
729 1310 921 1378 Alexander
941 1331 974 1395 p.
988 1309 1061 1375 464.
1112 1345 1118 1353 x
1215 1304 1219 1321 ¹

84 1408 87 1413 '
179 1433 222 1445 —-
242 1396 292 1462 38.
335 1397 380 1463 Ut
400 1401 480 1462 oasit'
496 1397 604 1464 facilis
625 1397 812 1473 emendatio
832 1405 918 1477 erat,
942 1398 987 1462 ita
1001 1395 1044 1460 de
1059 1393 1258 1461 necessitate

92 1479 192 1547 valde
213 1483 433 1556 dubitandum.
476 1482 550 1567 Ego
578 1479 644 1547 hoc
672 1481 777 1566 prisci
796 1481 945 1566 vestigiis
966 1481 1055 1551 ruris
1080 1499 1256 1552 accenseo.

93 1565 222 1630 Similia
233 1567 385 1650 exempla
404 1566 515 1634 hiatus
537 1564 670 1650 collegit
691 1566 982 1631 GuAtsuttrUs
1023 1574 1076 1630 ost
1096 1566 1261 1628 KOENH

90 1649 212 1714 librum
239 1651 282 1715 de
311 1649 416 1716 Serm.
447 1651 552 1725 Poett.
577 1652 628 1735 Ep
655 1697 661 1711 .
688 1672 721 1733 p.
741 1650 812 1728 284.
835 1685 878 1697 -
931 1587 1073 1716 Rulliius
1097 1649 1130 1729 l,
1154 1647 1184 1715 9.
1214 1648 1256 1713 ab

93 1732 353 1807 QUlCERATO
373 1735 543 1802 laudatusz
586 1673 861 1801 „douuouus
903 1732 976 1799 Hoc
997 1734 1137 1799 duorum
1157 1752 1256 1822 supe·

91 1817 218 1885 riorum
251 1818 456 1886 schematum
488 1823 752 1887 coniunctionem
781 1818 896 1885 habeta
941 1817 1030 1904 quod
1058 1827 1092 1882 et
1119 1817 1163 1883 ab
1190 1836 1258 1882 uno

91 1903 197 1969 verbo
219 1923 336 1969 omnes
358 1905 539 1971 sententiae
559 1906 718 1989 incipiunt
738 1914 772 1970 et
795 1905 830 1968 in
853 1924 921 1981 uno
942 1903 1124 1969 novissimo
1145 1902 1256 2004 acqui·

92 1999 217 2066 escunt.
265 1988 559 2056 STRATOCLIS:
592 1989 757 2064 Quaeritis
785 2008 908 2063 novam
933 1991 1094 2054 rationem
1122 1987 1256 2052 admuni-

91 2073 249 2138 strandae
269 2073 494 2156 reipublicaet
516 2083 550 2140 ut
571 2075 722 2158 reperire
744 2073 926 2154 meliorem,
948 2093 1047 2160 quem
1067 2095 1090 2150 a
1111 2073 1257 2138 maiori--

91 2157 156 2221 bus
184 2157 382 2243 accepistis,
411 2179 481 2225 uon
507 2160 655 2246 potestis.
699 2157 867 2235 Quaeritis
893 2158 1044 2224 maximis
1070 2157 1256 2241 sumptibus
1361 2199 1364 2204 -

88 2238 272 2324 faciendis,
293 2245 458 2328 quomodo
478 2245 665 2311 retributa
685 2241 886 2310 conferatis‘l
915 2252 949 2309 at
969 2242 1117 2310 consiliis
1138 2251 1255 2328 captas

90 2327 213 2390 aerarii
240 2346 325 2409 opes
359 2346 445 2412 quas
476 2327 597 2412 cupitis
625 2346 751 2412 augere
782 2346 851 2391 non
878 2329 1026 2408 potestis.
1076 2328 1256 2406 Quaeritis,

89 2411 369 2495 quemadmodum
395 2409 525 2478 scelere
554 2411 779 2478 contaminatis
807 2410 995 2476 hominibus
1022 2410 1193 2495 parcatis‘l
1221 2421 1255 2474 at

88 2495 297 2579 ignoscendo
329 2495 526 2575 nocentibus
560 2496 783 2562 innocentium
816 2493 957 2560 salutem
986 2496 1154 2561 custodire
1187 2514 1254 2560 non

88 2580 260 2664 potestis.”
302 2579 453 2646 Eandem
483 2579 624 2667 figuram
649 2579 842 2653 Alexander
870 2600 904 2668 p.
923 2579 996 2652 464.
1026 2572 1254 2664 comminationi

88 2661 240 2728 σύνθεσιν
259 2668 407 2745 nominat
427 2671 512 2736 oum
523 2665 606 2741 eliis.

176 2785 219 2797 -
238 2750 292 2814 41.
336 2750 578 2835 Reptiootto'aom
599 2750 678 2818 dicit
700 2749 797 2815 etiarn
816 2748 938 2836 Aquila
956 2749 1127 2817 Romanus
1148 2747 1199 2813 32.
1220 2770 1251 2833 p.

88 2833 160 2981 ³74.
176 2832 375 2983 Quinem,-
390 2839 624 2918 duplicationem
638 2835 739 2902 lulius
752 2833 948 2903 Rufinianus
968 2837 1011 2902 de
1026 2833 1157 2902 Schem.
1172 2834 1251 2901 Lex.

103 3021 107 3036 ·
142 2939 287 3069 Ι’)--·42.
308 3003 357 3073 43.
402 3003 685 3081 QUIOERATUS
713 3000 828 3090 ptis.
848 3005 1035 3082 „Uenu-ld
1056 3006 1151 3067 m’ont
1169 3027 1252 3086 paru

87 3094 119 3151 ei
139 3091 352 3167 caructdm'eds,
382 3113 443 3173 que
462 3098 501 3174 jc
525 3113 574 3154 mc
599 3095 799 3154 dusurderuie
823 3110 958 3171 presque
979 3089 1000 3152 ἁ
1020 3110 1156 3151 conemur
1182 3092 1252 3152 leur

87 3182 208 3237 auteur.
237 3175 336 3241 Ausa·
347 3179 394 3238 leo
415 3180 502 3240 ma>
521 3182 663 3240 maante
682 3177 779 3238 m'ont
796 3175 922 3256 roppete'
934 3177 1077 3237 Ennius.-
1104 3174 1161 3238 Ibo
1177 3193 1249 3261 sqq.

88 3257 175 3333 Uest
192 3262 224 3326 Ia
245 3263 341 3333 mima
360 3261 483 3340 immuto
499 3267 664 3343 primitiae,
687 3264 720 3324 ta
741 3262 838 3333 metue
858 3258 1020 3331 recherche
1040 3263 1079 3332 de
1098 3280 1251 3337 eqttcoqee

85 3349 222 3421 concaui.
265 3343 306 3408 Je
333 3352 402 3408 aute
425 3347 570 3412 d’outont
593 3348 668 3427 plue
690 3347 781 3426 porte
801 3344 822 3407 a*
843 3350 943 3407 croire
970 3365 1021 3407 oea
1048 3364 1118 3407 uera
1143 3344 1249 3406 ddu-

83 3433 318 3584 mqtuedejes
328 3435 535 3578 troucesdane
553 3431 623 3495 d'un
637 3434 676 3503 aa
689 3450 741 3503 eea
757 3435 938 3513 fragments⁴
951 3433 981 3492 Ie
1000 3432 1096 3504 mane
1115 3450 1248 3510 ruppro·

84 3534 102 3573 θ
143 3581 146 3585 ,
194 3582 197 3587 ,
315 3532 408 3585 emm
444 3533 571 3585 etrum:
607 3538 610 3547 “
866 3532 869 3539 ’

235 3630 431 3698 Proletariu¹
451 3631 628 3717 ppplioitus,
649 3633 840 3727 scutelsque
860 3629 999 3716 seroque

235 3716 392 3784 Armatur
412 3715 533 3787 ferro?
553 3753 597 3766 ·-

81 3852 185 3918 Immo
206 3870 287 3919 voro
309 3853 509 3923 scholarcha
529 3852 696 3928 traustulit
722 3855 828 3928 verba
847 3853 999 3923 Hectoris
1028 3853 1063 3919 in
1084 3850 1245 3921 Achillem

80 3936 171 4012 iacta
190 3936 283 4006 lliad.
303 3939 350 4020 Y,
368 3938 431 4008 371
453 3960 503 4026 sq.
732 4008 736 4019 ,

167 4026 246 4084 Τοῦ
267 4021 295 4084 d'
315 4020 383 4106 lyei
406 4023 542 4100 ἀντίος
562 4023 657 4109 εἶμι,
675 4025 740 4086 καὶ
760 4025 792 4084 ei
810 4023 903 4105 πυρὶ
923 4032 1051 4105 χεῖρας
1072 4024 1197 4097 ἔοικεν,

166 4109 198 4168 εἰ
218 4108 316 4192 πυρὶ
336 4119 475 4195 χεῖρας
501 4114 627 4186 ἔοικε,
656 4107 766 4194 μένος
786 4105 813 4168 d'
836 4105 982 4171 oleove
1002 4104 1157 4210 σιδήρῳ.

78 4190 133 4258 Ad
167 4211 263 4261 uosv
284 4192 434 4261 rsushoc
447 4191 869 4273 estAristoniciseholiuma
883 4188 960 4275 πρὸς
971 4188 1242 4271 vicecomitatus,

79 4270 134 4339 ὅτι·
188 4212 299 4338 'liudonis
311 4281 499 4361 ooveqadgpdu
512 4279 546 4352 dl
552 4274 721 4361 Ὀδυσσείᾳ
735 4269 824 4352 ἅπαξ
838 4276 980 4363 (odyss.
989 4275 1117 4358 Adi).
1134 4275 1241 4349 Quam

78 4363 345 4427 observationem
373 4385 394 4438 a
419 4365 634 4447 Separatistis
666 4362 844 4428 identidem
876 4361 1074 4427 inculcatam
1101 4368 1241 4425 constat.
1301 4368 1307 4375 '
1339 4390 1344 4399 ·

42 4470 44 4475 ·
77 4446 228 4513 Eandem
248 4445 388 4532 figuram
410 4443 659 4533 ἐπαναστροῴήν
680 4444 911 4532 Hermogenes
925 4467 958 4530 p.
973 4446 1064 4524 361„
1087 4439 1242 4517 totondit·-
