2746 4866
589 176 797 292 τω*
898 292 901 300 a

312 384 356 449 Et
375 379 484 448 subito
496 378 627 446 ‘sterilis
647 378 785 448 flumina
806 389 899 447 terra
919 395 1024 467 creat,

262 464 338 536 Non
349 467 455 534 'aliter
474 464 620 533 validum
641 466 773 550 gemino
788 467 920 538 robore
943 469 1080 556 lignum,

313 552 448 625 imbutis
470 550 598 636 digitis,
620 552 893 640 dextradomare
907 555 941 642 *)
963 545 1068 636 solet;

260 640 403 709 Arboris
421 646 460 701 et
479 636 627 723 speciem
647 635 801 704 humanis
823 658 891 713 non
910 641 1027 709 usibus
1049 651 1161 729 aptam

313 724 411 810 Cogit
430 725 465 788 in
487 731 657 789 externum
678 726 835 793 crescere
855 722 963 793 factor
984 748 1080 814 opus.

261 811 331 878 Sed
354 830 431 877 cum
450 817 485 873 te
505 810 642 892 potior,
655 808 788 879 Seneca
808 808 1139 900 melioremagist‘ro,

266 909 270 916 '
311 897 436 982 (Quem
457 904 494 959 ut
514 893 803 979 moneas,‘luccm
821 896 934 963 cordis
955 895 1081 967 habere
1100 898 1216 986 facis),

260 984 335 1051 Non
360 981 510 1057 dubitare
532 998 652 1064 queam
672 977 800 1047 Lucillo
820 981 944 1048 clarius
964 982 1033 1065 illo,
1130 1024 1136 1030 -

224 1146 225 1151 ἵ
309 1068 474 1134 Aeternas
498 1063 621 1131 Christi
643 1084 776 1130 sumere
798 1065 909 1132 dantis
927 1087 1022 1153 opes.

260 1154 366 1222 Cedat
384 1174 407 1233 o
431 1171 473 1217 us
492 1153 761 1236 priscum„vera
780 1169 844 1217 nec
865 1150 942 1233 luce
965 1152 1165 1237 coruscans,

308 1239 381 1303 Nec
402 1175 443 1302 (le
466 1234 616 1324 catholici
636 1235 800 1319 dogmatis
818 1256 878 1302 ore
900 1235 1027 1304 fluens:

256 1325 317 1391 llle
339 1322 417 1388 mihi
439 1329 650 1397 monumenta
670 1318 776 1401 dedit,
796 1329 850 1401 te,
870 1341 968 1403 vera,
991 1324 1152 1407 docente,

297 1410 379 1474 ,Nec
401 1409 491 1473 dedit
509 1403 613 1472 infida
633 1424 719 1492 quae
741 1404 805 1471 sibi
825 1417 935 1473 mente
956 1407 1042 1486 tulit3

130 1537 134 1544 -
255 1498 341 1563 Nam
363 1514 437 1564 cum
459 1494 501 1558 de
523 1491 630 1576 pretio
649 1493 764 1556 mortis
783 1501 944 1576 regnante
964 1494 1105 1577 perenni

305 1577 478 1645 Lucillum·
491 1576 661 1659 imbuerit,
682 1575 749 1641 hac
770 1575 843 1641 sinc
863 1587 968 1643 morte
989 1580 1085 1661 perit.

253 1666 298 1733 At
318 1676 354 1729 tu
375 1685 451 1729 cum
474 1663 600 1731 doceas
621 1649 774 1726 homines
795 1682 978 1747 superesse
1000 1666 1098 1730 beato
1113 1666 1164 1753 **)

304 1750 356 1815 Ex
377 1749 484 1828 obitu,
508 1745 676 1813 Christum
696 1756 802 1812 morte
824 1750 1087 1835 sequendopia,

253 1831 381 1923 Erigis',
404 1844 437 1899 et
457 1832 639 1912 Senecam,
660 1832 811 1898 dominus
832 1852 1003 1920 verusque
1026 1836 1198 1922 magister,

293 1918 445 2006 'ingeniis
467 1917 545 1983 fidei
564 1929 619 1981 me
642 1936 746 2000 super
767 1937 846 1984 esse
866 1917 960 1986 facis.

251 2006 369 2085 Unde,
390 2024 529 2088 precor,
549 2001 714 2081 Lucillum
735 2001 835 2068 alium
856 2024 921 2072 nec
941 2003 1078 2090 pectore
1098 2005 1213 2091 talem,

303 2093 398 2166 Quae
421 2111 476 2155 me
497 2107 601 2153 nosse
624 2089 738 2170 cupis,
760 2088 850 2153 scire
870 2093 1041 2173 precando
1063 2092 1160 2170 iube;

249 2173 523 2258 Discipulumque
540 2182 633 2237 tuum
653 2172 763 2255 (prius
785 2174 848 2240 isto
869 2175 1001 2240 nomine
1028 2176 1166 2263 ditans),
1188 2181 1191 2189 '

302 2257 482 2341 conforta,
502 2274 643 2336 revoca,
665 2254 814 2338 corripe,
836 2258 946 2339 disce,
967 2278 1077 2326 mone.
1189 2285 1194 2293 ’

15 2413 17 2421 ’
97 2400 311 2488 „Expliciunt
331 2412 451 2464 versus
465 2389 603 2457 Honorii
623 2386 790 2458 scolastici
810 2392 855 2457 ad
867 2391 1042 2462 Iordanem
1056 2397 1267 2484 episcopum,

96 2492 141 2557 ad
159 2487 323 2571 rescripta
338 2481 490 2548 Senecae
512 2476 556 2541 ad
578 2472 753 2556 Inucilium,
776 2497 861 2562 qnae
884 2480 915 2544 ei
938 2482 1121 2566 scripserat
1144 2485 1266 2552 exhor-

95 2574 213 2643 tatoria
232 2568 406 2644 saeculum
425 2561 615 2649 relinquere
635 2570 669 2624 et
686 2581 802 2628 veram
829 2561 1072 2651 philosophiam
1093 2569 1265 2655 amplecti,

93 2661 474 2828 lehelffgfpnfflsslauflunt
486 2732 573 2798 haec
586 2729 651 2796 duo
664 2691 813 2796 carmina
821 2732 947 2801 codicis
954 2735 1048 2805 8069.
1058 2737 1156 2806 sold.
1174 2764 1264 2829 qnae

93 2833 258 2908 Qutceroto
278 2825 415 2892 saeculo
436 2829 531 2887 sento
550 2837 617 2897 non
640 2817 846 2884 recentiores
868 2822 1026 2888 videntur.
1079 2825 1179 2893 Prius
1210 2839 1264 2895 est

81 2911 334 2999 'deApostolis
356 2911 509 2978 diversas
529 2905 564 2970 in
583 2909 699 2988 partes
721 2903 812 2969 orbis
832 2914 995 2973 terrarum
1018 2910 1148 2976 missis:

242 3017 364 3102 Petrus
384 3024 559 3106 Romanis,
581 3020 736 3088 Andreas
756 3032 892 3091 sanetis
914 3025 1061 3096 Achivis.

217 3162 221 3175 ,
243 3117 428 3200 Aethiopes
448 3109 637 3178 Matthaeus
660 3107 742 3191 adit,
763 3107 840 3174 loca
859 3111 1015 3179 Parthica
1036 3113 1196 3185 Thomas.

242 3204 385 3269 lacobus
406 3195 592 3283 Hispaniis,
613 3193 717 3260 Asiae
739 3195 794 3258 dat
813 3194 887 3260 iura
906 3196 1082 3265 lohannes.

110 3296 112 3300 '
239 3286 400 3354 Nilicolas
425 3285 568 3370 Symou,
587 3279 767 3345 Hebraeos*
782 3277 918 3346 Matthia
939 3284 1034 3368 cogit

240 3373 335 3440 Alter
355 3368 455 3434 habet
476 3367 645 3452 Solymam
664 3364 822 3444 lacobus,
843 3365 923 3432 luda
943 3367 1207 3453 Mesopotamos.

188 3499 190 3504 =
239 3457 367 3527 Paulus
389 3453 458 3520 adit
477 3461 596 3537 gentes
616 3458 704 3515 totus
724 3469 808 3535 quas
832 3454 976 3520 continet
994 3455 1104 3538 orbis,

136 3588 138 3593 -
235 3541 489 3611 Bartholomeus
510 3537 626 3618 ludos,
650 3533 768 3602 Gallos
788 3545 856 3604 tum
874 3559 975 3622 porro
996 3539 1181 3628 Philippus.

85 3683 237 3752 Alterum
262 3681 356 3747 effert
377 3673 573 3744 sententiam
593 3666 766 3739 Matthaei:
809 3675 993 3757 prccrttn,
1018 3683 1093 3742 ciicc
1115 3686 1255 3760 pertinum

85 3776 200 3834 trabem
221 3774 259 3833 dc
279 3770 368 3832 oculo
394 3773 463 3842 tuo,
493 3767 526 3824 ct
545 3768 619 3825 tuno
640 3763 885 3824 oidcbir'eir'ccrc
910 3767 1064 3846 festucam
1093 3768 1132 3829 dc
1163 3773 1255 3832 oculo

79 3861 193 3943 fratria
213 3861 271 3932 tui,
295 3851 329 3918 S.
350 3842 617 3927 natamus.

234 3971 271 4038 si
289 3978 455 4047 nostram,
476 3961 594 4040 frater,
614 3961 778 4029 fesurcam
798 3961 915 4029 tollere
937 3967 1086 4048 quaeris,

285 4055 421 4120 Robora
442 4052 484 4116 de
505 4051 642 4134 proprio
664 4049 786 4114 lumine
807 4048 886 4114 tolle
907 4050 1010 4133 prins.

66 4143 120 4209 ,ld
140 4151 254 4227 aperte
273 4143 308 4207 in
328 4137 493 4224 malignos
519 4154 680 4200 censores
701 4137 819 4202 dictum
844 4144 906 4200 est

80 4294 421 4311 W

115 4383 146 4448 1θ)
183 4380 283 4433 donare
300 4382 388 4434 codex.
459 4375 507 4442 aa)
545 4375 636 4427 beatos
658 4344 825 4442 (iniecturus.
