2746 4866
556 164 771 241 -50-·

163 381 246 451 roto,
267 391 330 434 ooo
348 377 417 434 eata
432 372 532 435 neria
575 367 685 447 Varro
702 369 744 434 de
757 366 853 454 Liug.
867 360 940 434 hat.
954 366 1017 447 Vl,
1038 363 1091 431 th
1121 385 1157 450 p.
1175 362 1244 430 139.

79 454 230 523 Mueller.
245 457 366 536 „Cata
387 463 503 534 acuta3
527 452 593 519 hoe
613 454 702 519 enim
721 454 825 520 verbo
847 454 957 519 dicunt
980 449 1114 529 Subini3
1140 470 1247 536 quare
1271 514 1276 527 ,

524 563 614 620 cottio
635 557 740 620 Aeliu’
763 558 902 634 Seuius,

79 680 167 741 non,
190 669 226 725 ut
247 659 356 739 aiunt,
377 659 531 744 sapiens,
554 656 617 723 sed
638 650 774 735 ao'utus3
798 666 831 722 et
851 657 939 745 quod
959 665 1011 722 est

234 763 321 825 Tune
342 768 425 842 cepit
443 781 610 823 memorare
630 762 725 834 mmai
745 767 813 821 eata
836 763 931 838 dicia,
1003 798 1008 805 -
1089 790 1091 799 ·

80 863 274 945 accipienda
296 872 395 929 acuta
416 860 536 927 diota.”
567 858 671 940 Quid,
695 859 724 924 si
747 860 832 926 duee
853 858 1010 946 magistro
1031 868 1153 926 nostro
1174 878 1247 926 ver·

19 1024 24 1031 ,
79 968 154 1013 sum
172 949 358 1012 Ennianum
381 947 431 1013 sio
451 945 772 1029 redintegraveritis·
974 973 978 978 .

232 1047 325 1113 Tune
347 1051 433 1133 oepit
454 1061 637 1112 memorare
659 1038 759 1110 sim'ul
779 1057 857 1124 rota,
881 1068 944 1112 non
965 1055 1036 1111 roto
1059 1045 1161 1112 diota.

81 1149 280 1234 Quanquam
290 1161 358 1215 tum
374 1150 430 1215 vix
441 1142 631 1297 Enteiis'de
651 1138 806 1213 sermone
818 1148 904 1212 Aelii
920 1158 953 1214 et
967 1140 1146 1213 Flaminini
1159 1149 1245 1234 eogi-

80 1244 152 1299 tare
168 1256 243 1300 eum
251 1241 385 1311 Merula,
401 1254 433 1300 v.
470 1233 538 1296 unii
551 1230 682 1296 Annnll.
691 1233 734 1314 X,
744 1232 791 1298 10.
799 1256 832 1317 p.
841 1233 912 1298 137.
934 1233 1245 1321 spangenberg.—

166 1319 320 1386 Ceterum
348 1317 495 1384 similiter
526 1316 605 1381 dixit
635 1315 717 1382 Cato
742 1319 777 1383 in
806 1318 845 1394 Q.
872 1318 915 1382 Μ.
945 1317 1127 1383 Thermum
1160 1321 1244 1403 apud

7 1416 9 1421 '
81 1404 218 1469 Festum
232 1405 345 1488 pass.
360 1401 511 1468 Mueller.
523 1401 579 1466 vel
599 1404 633 1467 iu
647 1405 839 1469 MEYERI
848 1404 1014 1489 Fragmm.
1030 1403 1136 1468 Oratt.
1155 1403 1243 1487 p.35r

82 1487 193 1573 „Erga
210 1510 314 1572 remp.
334 1487 439 1553 multa
457 1485 621 1553 beneficia
642 1496 909 1571 ratiocinandique
927 1490 1150 1568 aretinum?
1172 1499 1244 1573 post

81 1572 238 1639 Catonem
269 1573 389 1639 Cicero
418 1573 461 1638 ad
487 1571 773 1654 Famulvlins,
797 1574 826 1638 1.
870 1574 956 1639 alsia
976 1574 1066 1658 ipsa,
1102 1593 1193 1658 quae
1213 1584 1243 1638 te

82 1658 206 1724 emisse
228 1660 365 1740 scribis,
388 1680 450 1721 iton
469 1663 570 1722 solum
589 1666 659 1720 ruta
682 1657 760 1723 mihi
780 1669 886 1736 erunt,
909 1664 966 1721 aed
987 1667 1079 1721 etium
1098 1661 1225 1737 qrnto.'’

164 1745 301 1810 -102
343 1747 422 1806 Rern
444 1764 506 1805 non
526 1765 619 1825 opem.
665 1741 723 1808 Sio
749 1763 851 1808 versu
872 1745 944 1808 111.
966 1748 1023 1813 duo
1043 1766 1134 1824 opes,
1174 1749 1243 1808 adi·

80 1837 211 1893 mirrea.
249 1829 467 1905 Quintilianus
481 1828 538 1910 lX,
558 1827 591 1911 3,
613 1827 664 1892 75.
686 1829 772 1893 iuter
791 1825 913 1914 πάρισα
935 1829 1025 1911 ponit
1045 1827 1112 1893 hoe
1135 1848 1242 1895 exem·

80 1912 188 1998 plum:
211 1918 285 1978 Non
305 1923 386 1977 eitun
407 1925 468 1976 tom
488 1936 561 1992 epea
581 1918 752 1991 laudando,
776 1938 869 1995 quiam
890 1937 940 1976 reo
961 1923 1038 1976 eald
1259 1962 1262 1967 -

166 2035 208 2047 -
232 1999 300 2064 103.
333 1994 485 2062 'Rutilius
500 1998 525 2074 1,
548 1998 597 2061 10.
641 1997 968 2062 ”POLYPTOTON
1011 1997 1086 2063 Hoe
1108 1999 1244 2065 schema

81 2082 167 2148 solet
191 2082 381 2164 complures
409 2081 590 2146 sententias
615 2079 680 2145 alio
709 2092 807 2166 atque
829 2083 893 2147 alio
915 2084 1012 2147 modo
1040 2092 1077 2148 ut
1091 2105 1241 2168 nronuu-

82 2169 209 2232 cientur
232 2167 382 2230 efferre.”
424 2165 510 2230 Vide
530 2164 759 2230 Alexandrum
778 2187 811 2250 p.
826 2166 898 2232 478.
921 2185 954 2230 et
972 2167 1129 2254 reliquos.

164 2251 301 2315 -104.
344 2249 591 2332 inexemplum
616 2249 745 2334 figurae
773 2272 856 2316 suae
881 2253 1039 2340 magister
1060 2255 1241 2321 detorsisse

81 2335 211 2488 {er
242 2336 420 2403 Homerica
451 2333 511 2400 illa
542 2334 802 2420 Agamemnonis
836 2337 868 2400 iu
900 2337 1064 2403 Achillem
1096 2340 1189 2407 Iliad
1203 2340 1242 2421 A,

170 2442 220 2509 sq.
1180 2463 1183 2467 <

4 2526 7 2530 ’
55 2530 60 2537 “
208 2519 369 2588 Πάντων
384 2520 785 2607 μένκρατέεινέθέλει,
804 2517 1242 2604 πάντεσσιδόἱνάσσειν,
1288 2544 1290 2553 “

207 2612 309 2670 Πᾶσι
329 2607 366 2668 δὲ
386 2610 603 2692 σημαίνειν,
625 2597 648 2667 o‘i'
669 2603 726 2669 τιν’
749 2605 790 2668 orl
812 2609 1030 2672 πείσεσθαι
1051 2607 1132 2675 iio.

80 2726 146 2791 Ubi
168 2723 304 2791 Scholia
325 2720 467 2806 ἐπιβολήν
488 2723 520 2788 10
544 2731 674 2787 uantur.
1225 2770 1231 2787 i

165 2847 207 2857 -
231 2809 301 2874 106.
324 2811 354 2872 7.
398 2808 530 2883 QUICE
593 2806 694 2873 TUS:
717 2811 885 2888 Mobilitas,
901 2834 962 2874 non
977 2817 1130 2878 itabilitos.
1164 2816 1248 2879 O'eot·

81 2917 143 2960 une
163 2899 296 2957 allusion
317 2901 479 2978 tricentfente
504 2894 575 2958 ella
596 2917 799 2976 paronomoae
826 2920 884 2980 que
908 2899 1022 2974 Coton,
1055 2923 1099 2962 uu
1119 2909 1247 2983 rapport

82 2986 120 3044 de
141 2980 268 3044 ciceron
290 2981 351 3060 (de
374 2990 455 3044 orat.
471 2980 509 3059 ll,
532 2979 585 3062 63,
608 2977 717 3064 256),
746 2988 832 3044 avait
857 2991 996 3047 contami
1022 2989 1060 3046 de
1084 2991 1171 3132 §tire
1191 2992 1245 3049 oui

82 3069 113 3128 le
133 3086 204 3128 nom
224 3070 263 3127 ile
285 3069 331 3129 M.
355 3068 497 3146 dotatas,
520 3068 691 3148 l'nppelnnt
712 3065 862 3131 mobilior
882 3091 924 3130 nu
944 3072 1004 3131 lieu
1026 3074 1065 3130 de
1117 3071 1244 3138 obilior.

38 3218 41 3223 ,
80 3148 221 3216 Rutilius
242 3150 357 3235 Lupus
372 3151 403 3231 1,
432 3151 463 3216 3.
509 3149 867 3217 »PARONOMASlAt
909 3151 982 3216 Hoo
1010 3158 1066 3231 aut
1090 3156 1246 3222 addenda

81 3244 138 3299 aut
159 3235 322 3299 demenda
342 3246 398 3300 aut
418 3238 618 3322 porrigenda
640 3245 695 3300 aut
717 3233 943 3300 contrahenda
965 3237 1074 3303 littera
1096 3250 1154 3314 aut
1179 3263 1197 3307 s
1219 3240 1245 3305 l·

81 3318 158 3385 laba
177 3317 250 3383 fieri
271 3323 451 3384 consuevit.
493 3322 570 3385 Nou
593 3321 679 3385 enim
700 3318 795 3384 decet
817 3319 980 3386 hominem
1004 3343 1129 3408 genere
1152 3263 1244 3392 nohi-

81 3405 147 3471 lem
168 3405 320 3471 mobilem
340 3404 455 3469 videri.
498 3405 582 3469 Nam
605 3426 679 3468 oum
700 3405 851 3470 omnibus
872 3405 1059 3474 hominibus
1081 3419 1151 3476 tum
1176 3430 1245 3476 ma·

80 3490 169 3557 xime
186 3494 328 3556 maximo
364 3489 483 3575 cuique
504 3488 720 3564 inconstantia
739 3492 927 3574 turpitudini
949 3495 1031 3559 est.”
1046 3531 1088 3541 -
1116 3499 1166 3560 Le
1179 3519 1245 3560 mo·

80 3580 202 3640 unierit
215 3583 333 3641 deoroit
348 3585 452 3656 parter
471 3574 650 3656 moadiae,
672 3596 738 3664 non
752 3577 936 3644 novilitns.”
978 3577 1120 3666 Reliqua
1134 3601 1245 3648 exem-

81 3658 280 3746 pla-pariter
301 3669 377 3726 surii
398 3659 557 3726 Romana.
743 3658 747 3665 ’

165 3783 209 3795 -
231 3747 300 3812 109.
343 3744 484 3811 Rutilios
498 3746 523 3824 l,
547 3745 575 3810 1.
613 3745 977 3814 „Puosuronosls
1016 3749 1089 3814 Hoo
1105 3747 1246 3817 scheme

83 3829 213 3895 duobus
232 3832 340 3897 modis
361 3831 432 3896 fieri
456 3832 639 3896 attractari
659 3841 777 3915 potest.
812 3833 897 3898 Nam
919 3834 1246 3901 sententiis-duabus

81 3924 139 3979 nut
158 3914 309 3998 pluribus
330 3917 508 4000 propositis
529 3937 592 3982 sua
612 3918 730 4003 ouique
753 3917 837 3984 ratio
857 3917 912 3983 vel
933 3918 1101 4000 posterius
1123 3921 1245 3986 redde·

81 4010 135 4064 tur
158 4000 213 4065 vel
235 4003 341 4067 statim
364 4004 426 4068 suh
448 4023 515 4067 una
538 4021 647 4088 unque
676 4005 838 4068 sententia
867 4003 1112 4090 subiungatur-³
1157 4004 1244 4072 Cou-

14 4154 17 4159 ,
82 4024 599 4170 rerPhoebammonemp.h18.
1230 4128 1236 4137 ·

106 4172 109 4180 “
167 4206 209 4217 —-
232 4172 302 4239 110.
345 4172 453 4237 „Tuon
472 4195 553 4253 potor
573 4182 685 4253 tueor,
720 4175 819 4236 vieille
833 4177 943 4255 forme.
986 4174 1035 4238 Le
1061 4195 1137 4238 aena
1165 4180 1247 4239 n’eet

80 4278 141 4336 pau
162 4259 268 4319 olnie·.'’
311 4255 602 4332 QUlCERA'lUS.
644 4257 789 4333 dientem
810 4257 955 4322 auctoris
981 4261 1011 4324 si
1033 4269 1126 4324 reete
1148 4278 1243 4326 asse·

83 4360 178 4426 quor,
200 4340 286 4408 haee
300 4342 350 4407 sie
371 4351 447 4407 suut
461 4339 709 4423 conformanda,
732 4362 796 4427 quo
813 4340 945 4425 species
960 4341 1088 4429 figurae
1104 4347 1242 4413 evadat:

236 4445 359 4508 Ainos
379 4464 443 4508 non
465 4453 493 4507 te
494 4489 507 4522 ,
533 4455 573 4523 ut
587 4453 622 4509 tn
642 4466 718 4508 iios:
738 4446 929 4524 simplicitate
949 4454 1047 4510 utare.
