2746 4866
585 210 634 223 ..
661 163 789 253 toe-

109 338 169 442 eoz't
185 381 301 460 perona
313 379 359 439 de
379 375 408 437 le
430 334 588 436 restauror
607 368 895 458 autrnnentflqa’en
914 333 1203 448 repitent-ternpus
1217 361 1269 431 ab

111 459 433 542 catechizaverunt?
477 451 769 531 QUfflERATUs.

193 546 303 612 Edidit
322 544 435 630 igitur:
931 632 936 638 Ι

154 667 248 743 Quod
259 685 350 750 ραεο,
373 670 491 743 umbus
505 663 604 734 abach
627 664 703 744 ’ραὶο
716 665 836 759 Ιοοιραα
849 657 950 730 οὖνεί,
964 673 1099 737 nequeo,
1123 657 1238 737 inum

112 802 206 880 Quo,
240 816 385 884 quaeso,
418 790 690 880 ἀντιμεταβολήὲ.
721 790 915 859 Certissima
950 787 1115 854 correctio
1148 798 1273 855 nostra.

110 883 257 953 Profecit
276 904 308 949 m
353 882 433 948 ’ster
454 901 498 946 ex
519 880 606 945 dicto
624 879 793 944 Isocrateo
812 878 900 962 apud
914 872 1128 940 Plutarchum
1151 874 1274 940 vitex

29 1010 36 1019 ,
113 970 215 1037 Oratt
236 989 268 1053 p.
353 966 423 1048 ,F.
464 959 669 1070 ‘Eovaoipaooc
695 962 778 1025 ποτὲ
803 959 893 1048 παροὶ
913 957 1115 1044 Νικοκρέοντι
1144 968 1196 1042 τῷ
1217 959 1273 1022 Κο’-
1305 970 1309 979 “

112 1079 195 1141 προο
213 1049 366 1135 τυράννῳ,
387 1071 649 1135 προτρεπομενον
670 1044 772 1111 αὐτὸν
785 1056 851 1109 τῶν
869 1039 1039 1130 παρόντων
1056 1044 1272 1126 διαλεχθῆναι,

113 1144 188 1224 ἔφη,
221 1137 280 1212 οἷς
302 1136 371 1243 pio
402 1132 472 1234 byei
502 1129 651 1218 δεινὸς,
684 1128 758 1216 οὐχ
780 1131 797 1193 ὁ
821 1141 890 1197 νῦν
915 1125 1071 1213 καιρός·
1104 1128 1167 1203 οἷς
1199 1128 1271 1192 dli

110 1231 183 1289 νῦν
203 1244 356 1306 καιρος,
389 1244 458 1281 aaa
478 1215 548 1301 ἐγώ
570 1214 709 1292 δεινός.
760 1218 858 1292 Quod
879 1213 1067 1298 exemplum
1087 1233 1110 1278 a
1133 1214 1272 1280 Gracc'n

113 1307 299 1375 rhetoribus
321 1305 441 1372 crebro
461 1312 656 1388 usurpatum
684 1322 763 1368 esse
786 1310 946 1367 monstrat
967 1298 1163 1365 Alexander
1185 1298 1270 1365 Wal-

99 1394 157 1459 nii
179 1391 267 1473 vm,
296 1413 329 1474 p.
350 1388 423 1455 480.
445 1386 522 1454 loco
550 1389 669 1454 vitioso
696 1388 752 1453 ille
782 1387 932 1473 quidem,
969 1385 1031 1448 sed
1059 1404 1163 1468 quem
1186 1383 1272 1449 nulla

112 1479 245 1562 negotio
266 1476 473 1559 redintegres
497 1473 586 1558 ipse:
615 1472 656 1535 ‘H
684 1464 992 1556 ἀντιμεταβολὴ
1019 1467 1161 1551 γίνεται,
1197 1461 1271 1531 ὅταν

112 1563 147 1626 ἐν
166 1569 213 1644 τῷ
232 1557 346 1645 πρώτῳ
366 1559 419 1621 καὶ
441 1557 571 1642 δευτέρῳ
588 1553 750 1641 κοτ’λῳτῆς
768 1552 914 1642 περιόδου
928 1565 999 1630 τοῖς
1012 1548 1123 1628 αὖτοῖς
1142 1550 1272 1639 ὀνόμασι

114 1643 316 1732 χρησόμεθα,
350 1640 395 1705 τοὶ
416 1644 449 1707 ἐν
467 1642 547 1729 ἀρχῇ
568 1637 675 1717 εὐτελῆ
695 1640 833 1715 τεθέντα
854 1647 872 1688 *
895 1639 947 1703 ἐπὶ
968 1634 1088 1713 ταύτης
1110 1636 1270 1701 ἀπολίπο-

113 1754 185 1815 ρεν,
211 1728 251 1805 (ὃς
269 1725 450 1813 Ἰσοκράτης
474 1724 752 1812 παρακαλούμενος
779 1721 982 1811 ε’ποίρξασὸαί
1001 1747 1035 1786 τι
1054 1719 1147 1808 παροέ
1172 1720 1270 1786 πότον

114 1815 215 1878 εἶπεν·
252 1813 319 1888 Οἷς
348 1811 415 1897 μὲν
439 1808 514 1896 peip
541 1810 612 1895 ἐγὼ
643 1809 795 1887 δεινος,
828 1808 896 1894 οὐχ
917 1809 934 1871 ὁ
959 1803 1094 1892 crapola
1123 1804 1271 1894 καιρός·

113 1897 229 1975 οἶς·“δ’
252 1898 270 1961 ὁ
292 1907 360 1961 νῦν
381 1895 530 1980 καιρὸς,
559 1893 628 1960 οὐκ
653 1894 720 1980 ἐγώ
744 1891 882 1970 δεινός.
924 1894 1021 1959 Adde
1042 1891 1182 1959 hlaximl
1203 1893 1271 1960 Plo-

113 1986 224 2052 nudae
252 1981 380 2049 scholia
409 1982 443 2045 in
471 1981 714 2065 Hermogenem
742 1981 780 2045 Τ.
795 1981 837 2061 V,
865 2001 899 2064 p.
914 1978 985 2044 543.
1007 1977 1115 2042 Walz.
1159 1979 1213 2044 Ne

113 2068 247 2135 aliunde
269 2085 426 2132 manasse
448 2066 593 2148 putanda
614 2076 691 2131 sunt
710 2065 795 2131 haec
817 2064 973 2130 Auctoris
994 2065 1037 2130 ad
1058 2062 1209 2138 Heren'n.
1262 2109 1271 2144 ,

113 2151 175 2233 28,
189 2150 240 2217 39.
277 2154 504 2229 „Continentia
525 2160 595 2230 est,
625 2171 701 2216 cum
725 2152 812 2215 duae
831 2150 1014 2216 sententiae
1041 2151 1127 2214 inter
1145 2169 1190 2214 se
1215 2148 1273 2216 dis·

111 2245 292 2321 crepantes
314 2254 356 2299 er
377 2234 609 2300 transiectione
630 2236 676 2300 ita
702 2235 897 2318 efferuntur,
930 2245 966 2300 ut
987 2235 1142 2319 aprione
1164 2244 1272 2318 posto·

114 2324 199 2402 rior,
223 2320 389 2387 contraria
409 2320 528 2406 priori,
553 2319 800 2404 proficiscatur,
822 2319 888 2386 hoc
908 2321 1025 2385 mador
1067 2319 1156 2402 Esse
1180 2340 1273 2403 opor·

38 2452 42 2465 .
113 2416 179 2489 tet,
209 2416 244 2473 ut
270 2406 380 2484 vivas;
413 2405 635 2488 convivere,
664 2417 699 2473 ut
724 2408 818 2473 edas.
860 2407 958 2481 ltemz
993 2408 1046 2468 Εα
1074 2428 1110 2468 re
1136 2413 1273 2487 poemata

34 2509 66 2545 ἰ
112 2513 177 2557 nott
193 2499 293 2577 facio,
322 2498 410 2574 ραία,
441 2496 615 2556 οαὶαοοοαὶ
637 2497 718 2570 eolo,
751 2515 814 2555 nors
831 2513 974 2574 ροοοννας
1007 2495 1184 2554 cuiumuodr'
1201 2513 1271 2572 pos-

113 2599 200 2653 sum,
229 2577 333 2641 reolo?
347 2610 388 2623 -
432 2574 587 2641 Ceterum
614 2577 806 2662 magistrum
827 2586 976 2642 nostrum
996 2575 1091 2640 torsit
1113 2572 1273 2660 elegantia

115 2663 193 2728 dicti
215 2660 347 2726 Graeci.
389 2659 540 2725 Alterum
564 2660 651 2724 enim
670 2667 769 2744 qaod,
800 2681 865 2746 quc
896 2681 1012 2728 carere
1038 2680 1106 2726 non
1120 2669 1278 2744 ¹poterat,¹

114 2743 340 2813 duriusculum
361 2753 422 2808 est

197 2864 240 2876 -
263 2827 312 2894 18.
346 2829 444 2903 Quod
464 2828 662 2896 vocabulum
682 2832 779 2897 tacite
797 2831 832 2896 in
853 2829 1162 2915 locurn‘corruptae
1174 2829 1272 2896 'vocis

114 2917 297 2977 ΑΜΟΙΣΙΣ
326 2912 456 2980 suffecit
481 2915 587 2981 editor
619 2915 840 3003 ἀμοίβησις,
868 2916 903 2982 id
931 2924 1031 2980 totum
1058 2917 1191 2981 redono

115 3000 211 3065 renti.
251 2995 491 3064 Ἀλλοίοσιν
513 3001 664 3068 debebat
706 3000 847 3068 Rutilius
868 3001 907 3081 ll,
922 3000 953 3065 2.
997 2998 1228 3067 ”ALLOEOS
1240 3001 1272 3064 S.

115 3085 152 3148 ln
173 3082 241 3149 hoc
259 3081 427 3150 schemate
449 3085 567 3153 divisio
587 3097 621 3152 et
642 3089 811 3172 separatio
834 3095 885 3152 est
904 3105 1124 3171 personarum
1147 3095 1208 3151 aut
1225 3104 1273 3151 re·'

114 3189 204 3247 rum,
233 3178 265 3232 et
287 3169 539 3250 demonstratio,
566 3183 722 3274 quantum
742 3172 878 3236 intersit.
929 3175 1100 3251 Hepesiae:
1122 3170 1275 3248 ,nivern

113 3254 223 3318 studia
245 3253 505 3321 adolescentium
532 3277 677 3322 animum
699 3257 967 3337 adveneramus,
1001 3257 1131 3320 tametsi
1151 3253 1275 3321 fratres

113 3346 225 3418 ararit,
257 3357 323 3402 uno
344 3348 442 3423 atque
463 3341 582 3407 eodem
603 3341 764 3426 sanguine
787 3341 858 3409 orti.
900 3340 995 3405 Alter
1020 3341 1054 3404 in
1075 3340 1185 3406 stadio
1207 3334 1301 3407 lan·⁸

17 3444 19 3451 ’
107 3423 165 3489 dis
184 3422 381 3488 versabatur
401 3433 434 3487 et
453 3425 613 3491 intusum
629 3436 757 3492 vrrtutrs
776 3446 862 3492 vram
883 3425 1077 3512 gloriosam,
1098 3424 1162 3490 sed
1184 3425 1276 3491 labo·

112 3509 236 3574 riosam
261 3509 483 3593 sequebatur:
518 3511 601 3575 alter
621 3512 655 3575 in
682 3513 836 3597 augenda
864 3511 1007 3596 pecunia
1032 3519 1219 3593 occupatus
1247 3518 1278 3577 et

4 3650 7 3655 .
112 3591 257 3658 habendi
279 3592 455 3676 cupiditate
479 3596 520 3660 dc
545 3606 691 3678 ravatus,
713 3618 861 3664 summas
879 3598 1007 3665 divitias
1029 3615 1194 3661 summam
1213 3595 1278 3661 vir·

112 3687 213 3743 tutem
236 3679 449 3745 existimabat
528 3680 560 3746 ic
580 3683 730 3748 nimirum
759 3684 865 3768 magis
880 3691 964 3747 erat
983 3681 1194 3761 laboriosus,
1223 3678 1279 3767 qni

112 3759 261 3828 laborem
282 3764 464 3844 condendi,
497 3785 564 3830 non
584 3769 697 3833 utendi
716 3789 820 3835 causa
842 3767 1074 3852 suscipiebat.''
1115 3765 1171 3830 Ad
1193 3772 1279 3852 quac

111 3846 248 3928 respicit
269 3847 486 3923 Quintilianus
508 3850 573 3931 IX,
594 3851 635 3932 3,
658 3853 730 3917 92·
759 3857 932 3931 „Mutuum
964 3851 994 3917 si
1014 3871 1057 3916 ea
1079 3861 1147 3929 est,
1178 3848 1280 3936 quam

12 4000 17 4017 ,
112 3929 253 3995 Rutilius
279 3931 446 3997 ἀλλοίωσιν
466 3946 581 4018 vocat,
612 3936 908 4003 dissimilitudinem
931 3937 1074 4002 ostendit
1095 3934 1278 4013 hominurn,

112 4034 245 4116 rerum„
276 4013 450 4085 factorum.
505 4021 600 4096 Quae
623 4022 653 4086 si
674 4020 771 4096 latins
791 4032 897 4109 patet,
928 4021 1034 4107 figura
1058 4040 1124 4086 non
1146 4031 1219 4097 est;
1250 4020 1280 4085 si

113 4109 299 4184 angustus
322 4103 355 4165 in
377 4101 550 4169 ἀντίθετον
572 4107 677 4172 cadet
704 4105 739 4173 Si
764 4129 845 4174 vero
866 4104 1154 4189 haacappellatio
1175 4104 1280 4190 signi·

112 4181 191 4249 licat
221 4182 429 4268 ὑπαλλαγήν,
458 4189 541 4255 satis
572 4193 614 4256 de
645 4212 686 4257 aa
717 4194 838 4258 dictum
867 4192 948 4256 cst.”
993 4190 1064 4256 lllic
1086 4210 1224 4277 quoque
1246 4192 1280 4256 ln

115 4269 236 4352 optimo
257 4269 373 4336 codice
395 4273 611 4339 ΛΜΟΙΟΣΙΝ
632 4279 843 4362 conspicitur.

198 4352 260 4431 At,
272 4352 402 4454 inquit,
424 4355 593 4424 ἀλλοίωσιν
613 4360 699 4426 infra
720 4363 810 4447 ponit
823 4359 1031 4447 artigraphus
1048 4368 1164 4427 noster
1178 4378 1283 4425 versu

118 4435 188 4504 169.
220 4437 338 4506 Andro.
367 4439 493 4509 Verum
513 4463 554 4510 eo
576 4444 653 4514 loco
675 4445 860 4530 ὑπαλλαρνῖς
881 4444 1133 4531 appellationem
1155 4445 1280 4512 iccirco
