2746 4866
470 138 784 274 ‘gru-..⁴

46 457 51 475 ,
127 436 130 441 ·
239 407 328 487 Dum
348 407 440 491 eupit
460 406 495 470 et'
515 394 738 470 eantu'vooet‘
755 403 791 467 in
812 388 992 470 certamine
1014 401 1137 484 Divos,

239 492 391 559 Membra
414 493 477 557 deo
497 490 620 577 viotuS,
641 506 738 554 ramo·
754 486 929 554 frondente
953 488 1121 573 pependit
1192 521 1193 524 ¹

91 719 111 783 d
174 631 380 784 lepduntur
399 627 485 693 haec
505 589 752 710 Epigramnlata
773 644 816 690 ex
837 625 910 692 eod.
920 624 1014 700 8069.
1038 623 1097 695 fol.
1112 624 1150 706 2,
1174 633 1256 696 rect

114 736 223 802 esenp
266 737 276 780 ε

239 832 348 900 ITEM
368 830 547 898 CAESAR
567 830 628 896 DE
649 827 792 897 LIBRIS
812 828 998 895 LUCANI:

235 970 390 1046 Mantua,
414 970 456 1034 da
478 969 628 1046 veniam,
645 964 742 1031 'fama
762 975 896 1031 saerata
917 965 1075 1051 perenp'm
1141 942 1143 946 ⁸

290 1054 341 1128 Sit
359 1051 412 1120 fas
437 1051 646 1121 Thessaliam
659 1056 743 1138 ‘post
764 1050 933 1129 Simoenta
952 1051 1030 1137 legi.

171 1397 323 1482 Explicat
353 1399 388 1463 in
419 1398 571 1482 sequenti
604 1396 877 1472 commentatione
910 1393 1017 1459 editor
1050 1396 1088 1456 do
1121 1394 1254 1470 Virgilio

85 1486 222 1549 Marone
251 1484 472 1559 Grammatico,
503 1490 697 1565 portentoso
729 1481 785 1555 illo
813 1479 962 1560 homine,
997 1479 1039 1542 de
1072 1498 1139 1562 quo
1175 1487 1254 1560 post

1 1616 3 1623 ·
84 1567 209 1634 Maium
233 1569 439 1652 disputarunt
456 1568 613 1633 Osannus
635 1575 671 1632 et
685 1565 932 1652 Bernhardyus.
974 1564 1060 1629 Nam
1082 1584 1160 1628 oum
1174 1583 1258 1646 rep--

85 1655 232 1736 perisset
255 1652 555 1728 QUIOIIRATUS
574 1655 608 1717 in
628 1651 848 1718 amicastaa
877 1650 941 1716 hos
962 1668 1083 1716 versas
1105 1648 1254 1733 Virgilii:

136 1771 312 1842 VERSUS
335 1770 513 1847 VIRGILII
535 1770 631 1836 CUM
650 1769 846 1835 VIDERAT
869 1768 958 1833 VEL
976 1766 1210 1834 AUDIERAT

117 1860 119 1865 ’
230 1856 433 1940 IUVENEM
459 1855 616 1921 APRUM
643 1852 1014 1920 INTERFICIEN'IEM
1027 1851 1101 1919 ‘Ac
1175 1861 1179 1867 ’

307 1940 428 2008 ΤΠΝΟ
448 1937 1024 2091 ΙΜΡέἰὲΒνΙξὲΙΙὲΒΊξΕῇῗΒΟΑΝΤΕΜ
1198 1980 1208 1989 ·

92 2167 99 2180 “
197 2162 296 2244 Sus,
325 2162 472 2242 iuvenIs,
499 2178 660 2244 serpens>
692 2179 816 2226 casum.
834 2170 959 2228 venere
984 2161 1048 2226 sub
1072 2142 1197 2226 lunum:

197 2245 276 2334 'Sus
295 2249 383 2313 iacet
404 2246 604 2326 eustratus,
626 2256 768 2328 serpens
788 2248 893 2329 pede,
917 2243 974 2311 ille
994 2264 1134 2311 veneno.

80 2349 124 2416 Et
143 2347 226 2415 hos:
308 2393 313 2412 ,

185 2459 356 2554 maguis,
379 2460 477 2552 aper,
498 2468 628 2534 iuvenis
649 2476 790 2552 pereunt
811 2469 860 2548 vi,
882 2464 1038 2550 vulnere,
1059 2485 1195 2534 morsu:

174 2607 195 2655 2
208 2554 272 2620 Hie
294 2552 419 2635 fredit,
441 2552 498 2619 ille
520 2555 638 2638 gemit,
660 2551 770 2617 sibilat
790 2549 846 2617 hio
866 2554 1030 2634 moriens,

80 2690 145 2755 hos
172 2690 269 2774 igitur
295 2685 371 2766 erim
398 2689 605 2777 repperisset
631 2696 789 2774 tanquam
809 2687 1028 2775 Virgilianos,
1058 2689 1177 2755 reieait
1206 2692 1250 2755 ad

80 2774 254 2860 Virgilium
273 2772 384 2856 illurn,
408 2773 463 2857 qui
485 2775 518 2838 in
540 2772 631 2837 Italia
655 2775 828 2857 superiore
847 2775 904 2840 vel
918 2773 1029 2840 Gallia
1041 2775 1251 2840 meridionali

80 2860 219 2935 saeculo
250 2861 363 2945 quinto
392 2857 519 2924 sextive
545 2858 636 2936 initio
664 2857 821 2935 floruisse
850 2860 1031 2926 videatur·
1063 2859 1136 2926 Sed
1161 2860 1251 2927 haee

82 2946 302 3011 OSANNUS
320 2945 471 3011 excutiet.
493 2979 536 2992 -
690 3011 691 3014 ,
990 3002 993 3006 ,

166 3028 403 3106 commentatio
428 3029 542 3109 ultima
568 3030 708 3114 praebet
727 3049 850 3096 versus
874 3028 1090 3096 Christianos.
1134 3031 1250 3096 Prirna

82 3116 148 3180 duo
164 3115 317 3182 earmina
337 3112 460 3192 habent
481 3116 599 3193 laudes
620 3116 819 3194 Eunomiae‚
840 3114 978 3180 Nazarii'
988 3114 1132 3180 rhetoris
1144 3115 1248 3196 filiae,

81 3220 167 3293 quae
187 3208 275 3265 teste
295 3200 495 3288 Hieronymo
523 3204 557 3267 ln
579 3199 731 3267 Chronic.
752 3199 987 3266 nata-336.
1014 3208 1048 3263 in
1073 3204 1250 3284 eloquentia

78 3292 192 3437 ppltrp15
193 3295 389 3435 poaequatur.
438 3287 599 3372 Repperit
623 3287 922 3361 QUIOERATUS
947 3285 983 3351 in
1010 3285 1128 3361 codice
1149 3285 1248 3360 8349.ι

250 3485 409 3554 INCIPIT
430 3486 549 3554 LAUS
569 3487 760 3555 DOMNAE
780 3488 1012 3567 EUNOMIAE

436 3571 611 3650 SACRAE
635 3574 837 3645 VIRGINIS.

165 3709 273 3786 Plena
294 3709 374 3791 deo,
398 3710 569 3776 moderata
590 3711 718 3792 animo,
738 3712 890 3783 miranda
911 3712 1048 3794 decore,

250 3794 363 3880 Larga
382 3816 482 3862 manu
502 3795 680 3879 Eunomia,
700 3798 858 3883 provida,
879 3799 974 3884 virgo
996 3799 1068 3882 piar

62 3894 68 3903 “
166 3877 245 3943 Alta
265 3880 377 3963 sapia,
399 3881 575 3965 praecelsa
592 3882 695 3967 petis,
719 3881 882 3965 profunda
904 3883 1049 3960 rimaris3

250 3963 433 4050 Angelioos
455 3968 563 4033 motus
583 3977 719 4052 pectore
740 3977 857 4034 sanato
879 3971 981 4054 geris.

135 4127 137 4131 7
167 4046 270 4126 Vive,
294 4060 394 4132 eaput
412 4051 540 4131 vivum,
560 4051 696 4137 generis
716 4055 908 4126 veneranda
929 4068 1100 4140 propago,

251 4132 293 4198 Et
315 4135 439 4201 meritis
463 4137 548 4202 caeli
569 4136 712 4203 eulmina
732 4138 827 4204 oelsa
849 4147 955 4221 petes

166 4217 274 4284 Unioa
294 4218 360 4284 iam
383 4221 503 4286 desunt
522 4222 639 4288 solatia
659 4243 808 4308 congrua
830 4221 958 4300 iratam

13 4304 17 4311 '
126 4329 128 4333 ·
252 4303 418 4370 Soladeo
438 4306 542 4388 vivis,
561 4311 647 4374 vivis
668 4318 703 4373 et
724 4308 876 4394 imperio.

165 4385 310 4472 Largior
331 4399 469 4457 extensa
490 4395 534 4458 sit
555 4393 707 4475 demere,
727 4392 857 4480 longior
880 4402 988 4460 aetas:

37 4477 40 4482 ’
242 4472 436 4546 Nestoieos'
458 4496 605 4567 superes
621 4498 734 4548 annos
753 4489 788 4545 et
809 4478 989 4563 eloquium.

273 4696 296 4741 ,⁸

167 4808 172 4819 .
277 4782 312 4819 ..ί
