2746 4866
589 258 801 316 -xlx—

113 454 252 527 cissime
288 459 534 545 conservaret..
579 449 788 544 Quanquam
825 448 1032 539 magistrum
1065 447 1276 518 recentiores

111 581 187 628 non
215 554 447 651 superciliose
474 550 702 645 despectassc
727 550 843 644 arguit
867 548 903 619 id
930 550 1060 647 ipsum,
1087 549 1185 645 quod
1199 550 1276 621 llo·

109 659 249 729 ratiaua
280 653 447 755 quaedam
482 662 517 725 et
541 651 736 746 virgiliana
762 649 1032 752 haudquaquam
1061 649 1276 748 perhorruit.

83 756 287 832 ‹Fraudem
310 754 525 857 ‘posterioris
559 752 690 826 saeculi
724 753 801 846 rel,
837 755 867 825 si
890 754 1019 846 mavis,
1053 753 1285 851 superstitio·x

114 885 188 932 sam
213 871 369 935 veterum
396 856 658 933 venerationem
688 854 876 955 fictamque
909 855 1168 928 simulationem
1203 879 1276 927 nou

115 960 240 1034 cadere
266 963 303 1032 in
329 986 468 1035 omnem
490 956 602 1031 libelli
623 959 792 1032 rationem
812 958 1068 1055 apertissimum
1091 969 1155 1030 est.
1206 959 1275 1029 be-

113 1066 223 1162 nique
247 1064 280 1135 si
306 1063 387 1163 quis
411 1058 560 1133 instabit
586 1074 693 1161 atque
719 1057 874 1153 urgebit,
903 1059 1145 1133 inductorem
1172 1057 1294 1131 urba·

113 1192 198 1236 num
225 1190 298 1238 nou
324 1164 450 1238 cadere
470 1162 582 1236 videri
605 1162 696 1237 haue
722 1163 889 1235 orationis
907 1161 1083 1256 duritiem,
1111 1159 1276 1236 nihiliu-

114 1268 240 1366 pedio,
278 1269 467 1367 quominus
493 1266 720 1364 provincialis
746 1265 823 1346 ludi
849 1265 1058 1358 magistrum
1085 1263 1195 1335 baisse
1220 1288 1275 1341 ar-

113 1370 296 1446 bitremur.
335 1371 426 1442 Nam
451 1372 488 1440 in
512 1369 702 1466 provinciis
728 1367 859 1442 diutius
884 1367 1011 1439 mansit
1037 1366 1190 1438 studium
1216 1390 1276 1438 vc·

110 1484 300 1545 tustorum.
350 1471 457 1545 Vide·
474 1469 682 1543 Suetonium
714 1471 759 1542 de
790 1469 906 1543 Clario
937 1471 1090 1542 Gramm.
1106 1441 1168 1540 11.
1195 1469 1279 1565 ,,111.Ι
1316 1532 1318 1540 .

111 1575 194 1648 Val.
220 1571 388 1665 Probus,
432 1573 619 1671 Berytium
660 1571 795 1665 legerat
824 1573 861 1643 iu
892 1571 1071 1669 provincia
1104 1569 1297 1667 quosdam,

115 1686 253 1756 veteres
278 1672 420 1745 libellos
455 1674 547 1769 apud
582 1673 876 1766 grammaticum,
913 1671 1059 1745 durante
1087 1672 1201 1745 adhuc
1225 1669 1278 1745 ibi

113 1777 340 1875 antiquorum
355 1776 539 1869 memoria,
561 1773 710 1868 necdum
725 1775 865 1847 omuino
880 1772 1032 1867 abolita,
1051 1787 1092 1846 ut
1106 1772 1288 1848 Romae.'’‘

73 1944 75 1951 .
215 1876 286 1948 Sed
304 1876 378 1947 dixi
394 1901 522 1974 supra,
548 1874 681 1948 habere
707 1884 869 1948 nostrum
892 1877 1070 1977 permulta
1093 1903 1172 1951 cum
1189 1877 1275 1950 Ale·

86 1976 247 2069 xandro
281 1977 424 2050 rhetore
459 1973 667 2051 eommunia.
721 1980 768 2050 Et
805 1989 901 2051 reete
934 1978 1025 2072 dixi,
1061 2005 1128 2052 nec
1158 1989 1277 2051 tamen

110 2082 221 2175 ipsius
242 2079 437 2152 Alexandri
466 2080 596 2152 librum
620 2104 640 2150 a
662 2091 786 2152 nostro
810 2079 972 2153 manibus
993 2093 1170 2158 versatum
1190 2081 1275 2151 dixi.

110 2183 201 2254 Nam
225 2181 427 2254 Alexander
453 2183 646 2254 Numenius
675 2193 710 2280 (ὁ
737 2197 936 2279 Νουμηνίου,
962 2192 1119 2282 σοφιστής
1143 2178 1274 2255 Suidas

110 2310 147 2380 p.
161 2280 258 2376 205,
286 2281 323 2355 5.
348 2281 611 2382 Bernhardy.),
650 2307 757 2378 quem
795 2283 944 2355 eundem
976 2283 1108 2381 Aquila
1141 2283 1273 2358 Roma·

110 2409 175 2455 uus
188 2385 310 2456 ducem
324 2382 458 2476 habuit,
479 2384 603 2456 floruit
617 2408 702 2453 aevo
717 2386 991 2454 Antoninorum.
1042 2387 1124 2456 Hoc
1137 2384 1269 2482 proba·

110 2487 231 2558 hiliter
255 2485 371 2556 ell'ecit
386 2486 451 2553 LA
457 2484 719 2557 URENTIUS
731 2485 1085 2556 NORRMANNUS
1097 2485 1273 2581 Prolego.
1323 2561 1327 2566 „

109 2587 220 2662 menis
236 2588 272 2656 in
286 2585 541 2680 Alexandrum.
559 2584 1274 2685 vidwalziilttett.Graee.v1ss,p.416

109 2715 193 2787 sqq.
244 2688 343 2759 Patri
365 2687 457 2760 enim
479 2688 654 2762 Numenio
677 2687 805 2759 Suidas
825 2715 860 2786 p.
873 2683 987 2782 1011,
1003 2685 1038 2760 1.
1053 2688 1273 2794 Bernhardy.
1332 2749 1335 2753 f

111 2788 150 2863 'et
176 2789 329 2862 Eudocia
363 2817 399 2887 p.
420 2787 509 2862 510.
543 2792 635 2863 iuter
667 2789 735 2861 alia
766 2789 929 2861 tribuunt
963 2784 1115 2888 Ἀδριάνῷ
1128 2831 1274 2894 παραμυ.

107 2902 242 2980 θυτικὸν
263 2908 307 2980 εἰς
325 2901 496 2971 Ἀντίνοον.
548 2890 692 2963 suidas:
715 2890 950 2992 Νουμήνιος·
972 2902 1089 2990 ῥήτωρ·
1118 2909 1189 2992 περὶ
1208 2886 1288 2975 τωνΙ

111 3016 167 3080 τῆς
191 3004 293 3082 λέξεως
318 3003 507 3092 σχημάτων,
535 3001 700 3084 ὑποθέσειξ
726 3016 792 3070 τῶν
813 3006 1011 3100 Θουκυδίδου
1040 3008 1094 3069 καὶ
1115 3010 1274 3094 Δημοσθέ-

110 3130 199 3183 νους,
219 3111 329 3193 Χρειῶν
350 3106 548 3193 συναγωγήν,
574 3106 728 3195 Ἀδριανῷ
749 3102 1014 3192 παραμυθητικόν
1039 3111 1080 3190 cis
1098 3105 1272 3178 Ἀντίνοον.

107 3210 184 3291 Illis
212 3211 346 3287 verbis:
374 3211 445 3296 περὶ
466 3221 532 3276 τῶν
553 3220 608 3286 τῆς
628 3211 733 3286 λέξεως
761 3205 933 3293 σχημάτων
959 3214 1182 3292 Norrmanuo
1218 3220 1270 3288 iu·

88 3314 186 3390 ¹dice
202 3314 330 3385 Suidas
351 3325 439 3400 „aaut
460 3322 662 3387 cinitonem
684 3323 721 3386 et
744 3321 893 3386 marinae
917 3323 1104 3406 pecuinam
1124 3329 1189 3390 σαι
1208 3324 1273 3392 hoc

106 3422 218 3506 iprum
246 3419 407 3505 sortasse
441 3421 506 3506 filii
541 3424 707 3509 arreptam
746 3423 935 3508 intellipit.’'
995 3417 1164 3499 Profecto
1200 3447 1272 3496 non

106 3516 174 3589 hoe
200 3519 319 3615 ipsum
344 3517 442 3615 quod
466 3516 656 3597 babemus:
693 3544 774 3590 uam
801 3517 870 3591 hoe
899 3531 954 3591 est
986 3534 1073 3617 περὶ
1102 3544 1175 3598 των
1209 3547 1272 3612 τῆς

108 3633 283 3708 διανοίας
305 3634 360 3695 καὶ
381 3643 438 3708 τῆς
456 3633 560 3710 λέξεως
580 3630 760 3719 σχημάτων.
791 3648 797 3653 “

209 3721 383 3795 Nimirum
404 3747 495 3822 quae
513 3723 580 3816 tuit
601 3735 759 3796 veterum
777 3724 1092 3796 Grammaticorum
1110 3738 1144 3794 et
1159 3725 1271 3801 Scho-

61 3820 291 3893 bliestaram
320 3824 557 3917 consuetudo,
598 3836 637 3922 ut
671 3850 691 3922 a
728 3824 907 3921 prioribus
934 3834 1100 3915 congesta
1130 3828 1185 3899 vel
1212 3830 1270 3903 de·

106 3932 202 3992 creta
235 3949 302 4020 pro
333 3951 400 4000 suo
436 3927 587 4025 quisque
618 3925 765 3998 arbitrio
797 3926 908 3998 libere
942 3926 1204 4003 conformarent
1235 3944 1271 4004 ct

108 4023 164 4096 vel
190 4027 328 4096 concisa
350 4028 412 4104 *vel
437 4027 647 4126 amplificata
673 4050 737 4099 sua
763 4028 940 4121 lacerent,
967 4029 1114 4102 eandem
1127 4042 1271 4106 tenuere

104 4125 281 4198 rhetores.
327 4130 402 4203 Nec
426 4131 531 4203 aliter
556 4129 771 4222 Alexander,
800 4131 861 4231 qni
887 4129 965 4227 ipse
991 4131 1176 4230 professus
1202 4148 1270 4229 est,

104 4252 143 4298 se
169 4229 390 4325 superiorum
416 4229 613 4334 doctrinam
638 4233 677 4302 in
702 4230 864 4304 libellum
890 4257 995 4307 suum
1023 4237 1270 4334 transfudisse,

103 4327 183 4400 libr.
202 4332 239 4422 l,
268 4327 300 4401 1.
330 4359 366 4430 p.
386 4330 472 4406 421.
503 4330 625 4406 Walz.
646 4344 744 4412 Ἔστι
765 4338 824 4432 μὲν
842 4347 901 4433 οὐχ
920 4348 938 4424 ἡ
959 4360 1106 4435 τυχοῦσα
1128 4352 1271 4427 durachio
1327 4418 1330 4429 ,

103 4444 173 4528 περὶ
193 4455 259 4508 τῶν
278 4458 339 4508 τοῦ
361 4445 459 4531 λόγου
480 4445 653 4533 σχημάτων
675 4451 789 4512 εἰπεῖν·
817 4452 871 4512 καὶ
893 4447 955 4535 γάρ
977 4447 1071 4514 αὐτά·
1090 4477 1136 4535 τῳ
1157 4453 1273 4530 πλήθει

102 4540 293 4630 δυςπόριστά
314 4551 400 4626 ἐστι,
433 4542 498 4614 τῶν
520 4551 575 4635 μὲν
599 4553 652 4614 καὶ
673 4544 788 4634 ἄπειρα
809 4549 1004 4638 φασκόντων
1024 4552 1103 4615 εἶναι
1128 4552 1175 4617 τοὶ
1195 4552 1275 4644 σχέσ-
