2746 4866
555 196 760 272 ...27-

160 439 201 453 ·-
223 406 275 470 77.
317 398 550 487 Ἐπεκφώνησιν
571 421 640 467 non
659 401 737 468 novi
762 401 817 488 qui
838 400 941 467 dicat:
962 396 1151 493 ἒπιφῷνησιν
1164 400 1236 467 Ma·

76 492 211 558 crebius
231 488 431 568 Saturan,
452 486 484 552 6.
525 487 812 553 Nosti-umentem
835 485 1022 570 exemplum
1042 499 1118 551 eam
1137 485 1253 555 hebet,
1351 563 1352 568 ἵ

76 572 246 661 speciem,
277 594 375 659 quam
396 569 611 656 σχετλιασμόν
636 583 757 653 vocant
784 571 904 639 Graeci
938 573 1096 658 magistri.
1140 570 1237 637 Com-

76 682 162 746 para
189 661 287 726 ctiam
314 657 470 724 Rutilium
488 656 534 738 ll,
557 657 587 722 1.
636 657 791 724 Ceterum
822 659 966 725 auctoris
994 658 1099 722 verba
1124 659 1166 721 ab
1194 657 1237 723 irs

81 765 168 832 quae
195 744 383 828 exemplum
408 742 534 808 faciunt
560 744 683 810 rectius
713 744 851 810 seiunxi
896 739 1134 819 QUICERATI
1155 744 1235 808 sori·

82 842 180 916 ptura
201 829 381 912 corrumpit
399 827 604 893 sententiam.

136 965 139 972 .
163 928 205 962 ’-
226 914 277 979 79.
319 913 468 979 Verbum
489 917 675 977 sublimandi
702 914 743 978 eb
764 911 871 977 Ennio
901 921 933 976 et
955 910 1081 978 Catone
1107 913 1238 977 mamis·

79 1021 155 1066 sum
182 999 356 1085 Appuleiis
383 1008 417 1063 et
442 993 630 1064 Macrobiis
673 997 794 1065 Festus
817 1019 851 1081 p.
859 995 943 1078 306,
963 996 1014 1061 00.
1057 999 1242 1062 Subtinraoit

33 1093 37 1098 '
80 1089 277 1164 dimicate,
301 1090 452 1148 idestin
472 1089 569 1147 altum
590 1089 717 1161 ontulit,
741 1085 901 1163 Oricinum
921 1088 942 1146 l.
960 1086 1006 1145 11.
1038 1085 1100 1148 »In
1120 1102 1239 1146 mcta-

79 1174 270 1234 mumdeous
284 1180 375 1252 atque
388 1175 421 1231 in
434 1173 675 1232 excelsissimam
691 1167 903 1233 claritudinem
916 1168 1119 1231 sublinmoit.'’
1153 1166 1240 1230 vido

80 1256 200 1319 LION.
224 1253 404 1321 Catoniana
426 1275 458 1337 p.
467 1253 519 1318 20.
542 1263 575 1318 ct
595 1255 792 1320 KIiAUSII
807 1253 952 1338 Frgmm.
966 1251 1105 1316 Historr.
1126 1274 1158 1336 p.
1168 1250 1239 1316 107.

165 1376 206 1387 -
229 1339 281 1404 80.
324 1335 624 1425 QUIGERATUS:
646 1343 833 1403 »Perit-itm
853 1341 972 1423 saut-il
990 1341 1047 1400 tire
1065 1339 1240 1422 parimem·

79 1425 188 1489 brium
217 1431 272 1507 qui
298 1430 437 1508 satisfuit
458 1423 479 1487 ὰ
500 1428 533 1488 to
558 1445 681 1487 temore
708 1433 740 1488 et
765 1445 804 1486 en
830 1427 927 1487 mente
951 1431 1051 1503 temps
1076 1445 1112 1485 sc
1137 1424 1245 1485 diduit

80 1533 172 1572 assez
197 1514 430 1572 imturetlement
455 1512 510 1570 des
539 1509 672 1570 denudes
699 1508 988 1591 paleoqrupbique35
1021 1513 1099 1572 roais
1120 1514 1158 1590 je
1178 1509 1241 1567 lta-

81 1599 174 1656 sorde
201 1600 301 1655 moins
327 1614 366 1655 en
394 1601 567 1674 suppurent
592 1611 655 1676 par
675 1592 875 1670 membrum,
902 1613 980 1654 sons
1008 1593 1116 1656 tlisioa
1142 1596 1182 1654 de
1211 1593 1243 1654 lo

77 1681 180 1759 finale.
230 1680 307 1757 ch.
334 1682 504 1740 ci-itessus
524 1698 555 1762 p.
570 1676 642 1742 542³
684 1679 733 1742 lbi
753 1676 848 1742 affert
867 1675 964 1740 Ennii
984 1695 1137 1743 versum:

234 1794 392 1880 Insignita
411 1791 486 1860 fere
506 1805 584 1863 tunc
603 1795 693 1863 milia
712 1795 848 1863 militum
869 1791 953 1862 octo.

82 1929 199 1996 Ascivi
216 1929 315 2011 illud,
336 1939 372 1995 ut
392 1940 508 1996 exacte
529 1931 770 2014 enpumermur
789 1928 1016 1997 vox'Greeoa.
1058 1926 1112 2015 De
1132 1929 1246 2015 negle-

84 2025 138 2082 cta
156 2016 193 2080 in
205 2014 308 2081 altero
324 2015 462 2080 elisione
476 2015 553 2079 vide
568 2018 884 2080 HERMANNUM
897 2013 1003 2078 Elem.
1018 2012 1132 2078 Doctr.
1146 2015 1248 2080 Metri

86 2121 120 2182 p.
135 2099 175 2163 61
192 2121 255 2185 sq,
271 2101 574 2165 GBAIJERTUM
586 2110 662 2185 post
678 2102 843 2165 KOENII
855 2100 973 2165 librum
988 2099 1029 2163 de
1045 2117 1146 2164 serm.
1160 2099 1246 2184 Epp.

85 2183 188 2249 Poett.
210 2183 320 2268 11084
343 2204 392 2270 sq.
415 2195 448 2250 et
472 2188 796 2250 HEIlt'RIOHIUM
813 2185 847 2249 in
867 2183 1012 2249 luvenal.
1034 2204 1066 2266 p.
1083 2183 1153 2249 199.

169 2305 212 2316 -
231 2268 283 2333 81.
325 2268 466 2334 Rutilius
479 2271 519 2349 ll,
542 2269 592 2332 15.
643 2269 898 2337 „ISOCOLON
941 2268 1015 2332 Hoc
1039 2278 1095 2332 aut
1116 2268 1246 2336 duabus

84 2363 141 2418 eut
160 2352 311 2435 pluribus
334 2356 503 2418 sententiis
535 2352 692 2417 brevibus
714 2363 747 2417 et
767 2355 852 2416 inter
873 2371 912 2416 se
934 2353 1072 2434 paribus
1096 2354 1246 2438 exigitur,

85 2442 132 2504 ita
153 2439 200 2501 uti
218 2436 284 2519 hoc
305 2447 374 2501 cstt
395 2441 599 2520 Nequoqemm
619 2442 695 2499 mibi
714 2443 798 2500 dives
819 2447 876 2514 est,
898 2443 1036 2519 quamvis
1056 2442 1155 2500 muita
1173 2461 1248 2519 pos·

84 2529 198 2599 sitteot,
231 2528 287 2605 quei
312 2544 411 2604 neqrte
439 2528 533 2603 finem
561 2527 652 2586 babet
678 2527 833 2603 cupiendi,
866 2543 965 2602 neque
989 2526 1113 2584 modum
1142 2530 1252 2586 statuit

85 2613 201 2671 retenti.
245 2607 330 2671 Nam
357 2617 391 2672 et
417 2605 553 2671 multum
583 2607 778 2671 desiderare
814 2607 942 2690 egentis
976 2614 1029 2670 cst
1056 2605 1187 2692 signum
1216 2616 1249 2674 ct
1344 2672 1347 2683 ,

85 2691 166 2757 nihil
189 2683 330 2775 parcere
351 2696 511 2777 egestatis
532 2702 585 2757 est
604 2692 759 2757 initium.”

172 2812 215 2822 —-
234 2776 288 2842 83.
329 2781 446 2840 Prim's.
494 2776 630 2842 „Privos
651 2781 766 2861 privas
789 2797 833 2840 ue
857 2776 981 2861 antiqui
1009 2775 1162 2841 dicebant
1186 2798 1249 2863 pro

87 2861 240 2946 singulis.
283 2862 409 2927 Paulus
431 2882 474 2926 ex
495 2862 522 2926 F
524 2864 628 2927 estc.''
663 2797 956 2938 011108οΑ1Πὸ.
989 2860 1076 2927 Vide
1095 2882 1181 2948 quac
1203 2872 1249 2928 at-

87 2947 159 3013 tulit
179 2949 476 3012 MUELLERUS
496 2968 530 3030 p.
544 2945 618 3027 226,
636 2947 667 3029 6.
933 2970 936 2975 ·
1147 2992 1151 2999 .

138 3030 140 3035 ’
174 3069 214 3077 -
235 3030 301 3096 84.Ι
330 3031 469 3096 Rutilius
492 3032 517 3110 l,
549 3031 601 3097 48.
622 3032 777 3097 laudatus
800 3052 821 3097 a
844 3030 1119 3106 QUICERATil:
1151 3031 1250 3097 „ME-

88 3114 261 3181 RISMOS.
304 3115 378 3181 Hoc
406 3115 544 3182 scheme
573 3116 724 3200 singulas
755 3137 812 3182 res
841 3117 1019 3199 separatim
1044 3117 1251 3199 disponendo

88 3210 123 3266 ct
144 3218 241 3266 suum
263 3202 381 3286 cuique
409 3202 579 3285 proprium
605 3203 778 3266 tribuendo
805 3216 959 3285 magnam
980 3199 1116 3266 efficere
1134 3201 1251 3267 utilita-

88 3296 157 3351 tem
186 3296 220 3351 et
246 3285 407 3352 illustrem
436 3287 617 3354 consuevit
665 3285 880 3354 LYCURGlz
920 3288 1019 3351 Ouios
1046 3300 1151 3350 omnes
1179 3308 1252 3351 cor·

86 3377 176 3452 poris
194 3380 300 3452 portes
319 3378 362 3435 od
379 3379 546 3454 neqttitiom
564 3383 640 3437 sunt
656 3379 921 3455 oppositissimus:
943 3358 1026 3436 otili
1043 3376 1087 3435 mi
1101 3364 1253 3453 petolan-

79 3465 151 3518 ‘tem
171 3459 344 3533 lastiniam,
374 3477 486 3519 monim
505 3462 550 3520 od
568 3464 725 3539 rapinam,
750 3467 854 3521 venter
876 3463 919 3520 od
936 3462 1128 3534 aviditatem,
1151 3476 1253 3521 mem·

91 3541 156 3604 bra
186 3561 272 3624 quac
295 3560 363 3606 non
390 3560 571 3623 possumus
600 3541 740 3608 honeste
766 3540 937 3627 appellare
959 3542 1003 3607 ad
1026 3560 1125 3605 omne
1146 3560 1255 3625 genus

90 3624 319 3709 corruptelae,
354 3648 412 3706 pes
446 3631 490 3689 od
520 3634 639 3710 sanam.
682 3627 828 3692 Prorsus
856 3637 892 3690 ut
918 3635 974 3690 ant
1001 3645 1045 3688 ex
1071 3623 1136 3690 hoc
1164 3626 1254 3704 vitia,
1345 3690 1348 3697 ,

91 3714 150 3776 aut
170 3713 244 3812 ipse
271 3730 314 3776 cx
337 3710 424 3778 vitiis
452 3720 544 3777 ortus
574 3712 756 3777 videatur.”
799 3709 966 3794 Compara
989 3710 1215 3777 Herodianum
1235 3711 1255 3775 1.

72 3815 124 3917 se·
145 3794 294 3944 ΡἙΜ85.
336 3882 413 3954 Dis,
444 3881 637 3947 nominandi
663 3902 746 3948 casu
774 3900 967 3966 perrarum,
1007 3888 1096 3947 extat
1123 3880 1256 3948 Terent.
1349 3978 1352 3987 1

92 3961 228 4098 Adel&
229 3964 293 4115 818θ
316 3963 725 4126 11118111ΕΜΕΑΤΙΟΝΕΜ
745 4071 885 4135 prorsus
907 4069 1031 4117 novum
1054 4051 1110 4116 vix
1127 4061 1258 4137 poterat

93 4133 223 4220 fingere
251 4144 378 4200 auctor.
419 4135 493 4222 Ego
516 4137 565 4200 At
592 4144 735 4201 remeatis
763 4137 807 4202 ad
832 4137 937 4203 instar
956 4134 1079 4203 Gracci
1104 4134 1259 4203 vocabuli

82 4220 242 4371 ἑθιέοειέἰ.
263 4217 523 4370 111110101ὅὲ60
543 4243 622 4288 num
646 4219 846 4307 quaesiverit
863 4232 984 4301 auctor
1004 4223 1059 4288 vix
1083 4222 1258 4288 decernas.

124 4325 142 4370 e
189 4324 248 4370 cr.
271 4323 406 4373 versum
464 4354 472 4370 .

99 4412 102 4417 ·
181 4424 224 4436 —-
244 4387 297 4453 87.
341 4389 484 4457 Rutilius
505 4393 549 4470 ll,
583 4393 612 4456 1.
664 4390 834 4458 „Alterum
869 4413 975 4479 genus
1009 4393 1259 4475 (metebaseos)

99 4484 168 4557 est,
190 4474 224 4539 id
247 4475 336 4559 quod
357 4477 586 4550 demonstrare
603 4477 819 4561 instituimus,
844 4501 929 4561 ¹cum
949 4479 993 4545 ad
1015 4478 1113 4544 aliam
1135 4498 1207 4544 rem
1228 4488 1261 4543 et
1347 4506 1352 4513 ·
