<?xml version="1.0" encoding="UTF-8"?>
<!DOCTYPE html PUBLIC "-//W3C//DTD XHTML 1.0 Transitional//EN"
    "http://www.w3.org/TR/xhtml1/DTD/xhtml1-transitional.dtd">
<html xmlns="http://www.w3.org/1999/xhtml" xml:lang="en" lang="en">
 <head>
  <title>
</title>
<meta http-equiv="Content-Type" content="text/html;charset=utf-8" />
  <meta name='ocr-system' content='tesseract 3.04.00' />
  <meta name='ocr-capabilities' content='ocr_page ocr_carea ocr_par ocr_line ocrx_word'/>
</head>
<body>
  <div class='ocr_page' id='page_1' title='image "./carmendefiguris00schngoog_0048.png"; bbox 0 0 2746 4866; ppageno 0'>
   <div class='ocr_carea' id='block_1_1' title="bbox 308 100 795 279">
    <p class='ocr_par' dir='ltr' id='par_1_1' title="bbox 308 100 795 279">
     <span class='ocr_line' id='line_1_1' title="bbox 308 100 795 279; baseline -0.027 -39"><span class='ocrx_word' id='word_1_1' title='bbox 308 229 312 240; x_wconf 84' lang='grc'><em>,</em></span> <span class='ocrx_word' id='word_1_2' title='bbox 421 196 424 202; x_wconf 90' lang='grc'><strong>-</strong></span> <span class='ocrx_word' id='word_1_3' title='bbox 532 100 795 279; x_wconf 47' lang='grc' dir='ltr'><strong>,ζ-πς.</strong></span> 
     </span>
    </p>
   </div>
   <div class='ocr_carea' id='block_1_2' title="bbox 83 363 1273 706">
    <p class='ocr_par' dir='ltr' id='par_1_2' title="bbox 83 363 1273 536">
     <span class='ocr_line' id='line_1_2' title="bbox 92 363 1273 454; baseline 0.005 -27"><span class='ocrx_word' id='word_1_4' title='bbox 92 365 262 454; x_wconf 20' lang='lat' dir='ltr'><strong>,Eundem</strong></span> <span class='ocrx_word' id='word_1_5' title='bbox 282 365 383 431; x_wconf 87' lang='lat' dir='ltr'><strong>habet</strong></span> <span class='ocrx_word' id='word_1_6' title='bbox 396 363 619 430; x_wconf 89' lang='lat' dir='ltr'><strong>Phoebammc</strong></span> <span class='ocrx_word' id='word_1_7' title='bbox 636 385 667 448; x_wconf 85' lang='lat' dir='ltr'><strong>p.</strong></span> <span class='ocrx_word' id='word_1_8' title='bbox 681 364 754 431; x_wconf 82' lang='grc'><strong>517.</strong></span> <span class='ocrx_word' id='word_1_9' title='bbox 797 366 888 432; x_wconf 85' lang='lat' dir='ltr'>Idem</span> <span class='ocrx_word' id='word_1_10' title='bbox 901 365 1004 450; x_wconf 70' lang='lat' dir='ltr'><strong>abab.</strong></span> <span class='ocrx_word' id='word_1_11' title='bbox 1048 366 1084 429; x_wconf 89' lang='lat'><strong>‘0</strong></span> <span class='ocrx_word' id='word_1_12' title='bbox 1107 363 1273 454; x_wconf 60' lang='grc' dir='ltr'><strong>ἄνθρωπος</strong></span> 
     </span>
     <span class='ocr_line' id='line_1_3' title="bbox 83 445 752 536; baseline 0.015 -25"><span class='ocrx_word' id='word_1_13' title='bbox 83 452 86 457; x_wconf 75' lang='grc'><strong>’</strong></span> <span class='ocrx_word' id='word_1_14' title='bbox 110 445 279 532; x_wconf 63' lang='grc' dir='ltr'><strong>ἄνθρωπος</strong></span> <span class='ocrx_word' id='word_1_15' title='bbox 300 450 397 514; x_wconf 81' lang='grc' dir='ltr'><strong>ἐστίν.</strong></span> <span class='ocrx_word' id='word_1_16' title='bbox 569 530 571 536; x_wconf 9' lang='grc' dir='ltr'>ᾗ</span> <span class='ocrx_word' id='word_1_17' title='bbox 750 516 752 521; x_wconf 85' lang='grc'><strong>.</strong></span> 
     </span>
    </p>

    <p class='ocr_par' dir='ltr' id='par_1_3' title="bbox 109 533 1271 706">
     <span class='ocr_line' id='line_1_4' title="bbox 194 533 1271 621; baseline 0.006 -21"><span class='ocrx_word' id='word_1_18' title='bbox 194 571 237 582; x_wconf 91' lang='grc'><strong>-</strong></span> <span class='ocrx_word' id='word_1_19' title='bbox 258 534 307 600; x_wconf 82' lang='grc'><strong>49.</strong></span> <span class='ocrx_word' id='word_1_20' title='bbox 350 534 447 600; x_wconf 91' lang='lat' dir='ltr'><strong>Hunc</strong></span> <span class='ocrx_word' id='word_1_21' title='bbox 460 555 602 601; x_wconf 53' lang='lat' dir='ltr'><strong>,versum</strong></span> <span class='ocrx_word' id='word_1_22' title='bbox 624 533 798 601; x_wconf 86' lang='lat' dir='ltr'><strong>infeliciter</strong></span> <span class='ocrx_word' id='word_1_23' title='bbox 824 538 958 615; x_wconf 71' lang='lat' dir='ltr'><strong>tentavit</strong></span> <span class='ocrx_word' id='word_1_24' title='bbox 980 534 1271 621; x_wconf 84' lang='lat' dir='ltr'><strong>QUICERATUS,</strong></span> 
     </span>
     <span class='ocr_line' id='line_1_5' title="bbox 109 620 1270 706; baseline 0.003 -22"><span class='ocrx_word' id='word_1_25' title='bbox 109 620 254 704; x_wconf 90' lang='lat' dir='ltr'><strong>quinon</strong></span> <span class='ocrx_word' id='word_1_26' title='bbox 275 620 454 701; x_wconf 82' lang='lat' dir='ltr'><strong>sensisset,</strong></span> <span class='ocrx_word' id='word_1_27' title='bbox 475 641 497 686; x_wconf 87' lang='lat' dir='ltr'><strong>a</strong></span> <span class='ocrx_word' id='word_1_28' title='bbox 516 621 630 704; x_wconf 90' lang='lat' dir='ltr'><strong>priore</strong></span> <span class='ocrx_word' id='word_1_29' title='bbox 650 621 868 687; x_wconf 86' lang='lat' dir='ltr'><strong>dirimendum</strong></span> <span class='ocrx_word' id='word_1_30' title='bbox 890 641 976 688; x_wconf 91' lang='lat' dir='ltr'><strong>esse.</strong></span> <span class='ocrx_word' id='word_1_31' title='bbox 1007 621 1149 706; x_wconf 83' lang='lat' dir='ltr'><strong>Scripsit</strong></span> <span class='ocrx_word' id='word_1_32' title='bbox 1171 625 1270 690; x_wconf 88' lang='lat' dir='ltr'><strong>enim:</strong></span> 
     </span>
    </p>
   </div>
   <div class='ocr_carea' id='block_1_3' title="bbox 261 744 1220 901">
    <p class='ocr_par' dir='ltr' id='par_1_4' title="bbox 261 744 1220 901">
     <span class='ocr_line' id='line_1_6' title="bbox 715 744 793 803; baseline 0 -1"><span class='ocrx_word' id='word_1_33' title='bbox 715 744 793 803; x_wconf 81' lang='lat' dir='ltr'><strong>nolit</strong></span> 
     </span>
     <span class='ocr_line' id='line_1_7' title="bbox 261 787 1220 901; baseline 0.003 -13"><span class='ocrx_word' id='word_1_34' title='bbox 261 827 346 888; x_wconf 78' lang='lat' dir='ltr'><strong>Esse</strong></span> <span class='ocrx_word' id='word_1_35' title='bbox 366 827 484 889; x_wconf 81' lang='lat' dir='ltr'><strong>bomob&#39;</strong></span> <span class='ocrx_word' id='word_1_36' title='bbox 504 847 575 888; x_wconf 85' lang='lat' dir='ltr'><strong>cere</strong></span> <span class='ocrx_word' id='word_1_37' title='bbox 595 827 721 901; x_wconf 75' lang='lat' dir='ltr'><strong>moelier,</strong></span> <span class='ocrx_word' id='word_1_38' title='bbox 750 787 867 888; x_wconf 54' lang='lat' dir='ltr'><strong>ece&#39;lero</strong></span> <span class='ocrx_word' id='word_1_39' title='bbox 887 832 993 889; x_wconf 83' lang='lat' dir='ltr'><strong>omnio</strong></span> <span class='ocrx_word' id='word_1_40' title='bbox 1008 832 1042 890; x_wconf 82' lang='lat' dir='ltr'><strong>in</strong></span> <span class='ocrx_word' id='word_1_41' title='bbox 1062 831 1119 891; x_wconf 84' lang='lat' dir='ltr'><strong>boc</strong></span> <span class='ocrx_word' id='word_1_42' title='bbox 1139 839 1220 892; x_wconf 73' lang='lat' dir='ltr'><strong>rutel.</strong></span> 
     </span>
    </p>
   </div>
   <div class='ocr_carea' id='block_1_4' title="bbox 78 957 1268 1789">
    <p class='ocr_par' dir='ltr' id='par_1_5' title="bbox 100 957 1268 1376">
     <span class='ocr_line' id='line_1_8' title="bbox 105 957 1267 1041; baseline 0.006 -20"><span class='ocrx_word' id='word_1_43' title='bbox 105 957 168 1024; x_wconf 88' lang='lat' dir='ltr'><strong>his</strong></span> <span class='ocrx_word' id='word_1_44' title='bbox 183 958 317 1025; x_wconf 83' lang='lat' dir='ltr'><strong>additis:</strong></span> <span class='ocrx_word' id='word_1_45' title='bbox 347 962 409 1024; x_wconf 77' lang='lat' dir='ltr'><strong>„Je</strong></span> <span class='ocrx_word' id='word_1_46' title='bbox 423 982 462 1024; x_wconf 85' lang='lat' dir='ltr'><strong>oe</strong></span> <span class='ocrx_word' id='word_1_47' title='bbox 475 964 567 1037; x_wconf 68' lang='lat' dir='ltr'><strong>doute</strong></span> <span class='ocrx_word' id='word_1_48' title='bbox 577 980 639 1041; x_wconf 80' lang='lat' dir='ltr'><strong>poe</strong></span> <span class='ocrx_word' id='word_1_49' title='bbox 653 963 692 1022; x_wconf 82' lang='lat' dir='ltr'><strong>de</strong></span> <span class='ocrx_word' id='word_1_50' title='bbox 705 963 737 1023; x_wconf 89' lang='lat' dir='ltr'><strong>lo</strong></span> <span class='ocrx_word' id='word_1_51' title='bbox 751 967 925 1025; x_wconf 82' lang='lat' dir='ltr'><strong>reatitotion</strong></span> <span class='ocrx_word' id='word_1_52' title='bbox 938 979 1018 1026; x_wconf 88' lang='lat' dir='ltr'><strong>esse</strong></span> <span class='ocrx_word' id='word_1_53' title='bbox 1040 959 1172 1027; x_wconf 85' lang='lat' dir='ltr'><strong>humuli.</strong></span> <span class='ocrx_word' id='word_1_54' title='bbox 1217 966 1267 1028; x_wconf 84' lang='lat' dir='ltr'><strong>Lo</strong></span> 
     </span>
     <span class='ocr_line' id='line_1_9' title="bbox 100 1042 1268 1129; baseline 0.004 -24"><span class='ocrx_word' id='word_1_55' title='bbox 100 1049 203 1126; x_wconf 85' lang='lat' dir='ltr'><strong>forme</strong></span> <span class='ocrx_word' id='word_1_56' title='bbox 225 1050 382 1113; x_wconf 73' lang='lat' dir='ltr'><strong>ordinaire</strong></span> <span class='ocrx_word' id='word_1_57' title='bbox 401 1050 445 1109; x_wconf 81' lang='lat' dir='ltr'><strong>du</strong></span> <span class='ocrx_word' id='word_1_58' title='bbox 465 1049 627 1129; x_wconf 61' lang='lat' dir='ltr'><strong>diminuis</strong></span> <span class='ocrx_word' id='word_1_59' title='bbox 641 1053 690 1108; x_wconf 82' lang='lat' dir='ltr'><strong>eet</strong></span> <span class='ocrx_word' id='word_1_60' title='bbox 707 1042 886 1124; x_wconf 85' lang='lat' dir='ltr'><strong>homullus,</strong></span> <span class='ocrx_word' id='word_1_61' title='bbox 909 1054 988 1109; x_wconf 79' lang='lat' dir='ltr'><strong>mois</strong></span> <span class='ocrx_word' id='word_1_62' title='bbox 1010 1049 1154 1110; x_wconf 71' lang='lat' dir='ltr'><strong>Priscico</strong></span> <span class='ocrx_word' id='word_1_63' title='bbox 1175 1046 1268 1111; x_wconf 77' lang='lat' dir='ltr'><strong>creto-</strong></span> 
     </span>
     <span class='ocr_line' id='line_1_10' title="bbox 104 1127 1268 1217; baseline 0.006 -27"><span class='ocrx_word' id='word_1_64' title='bbox 104 1135 170 1217; x_wconf 77' lang='lat' dir='ltr'><strong>rire</strong></span> <span class='ocrx_word' id='word_1_65' title='bbox 189 1127 343 1195; x_wconf 90' lang='lat' dir='ltr'><strong>homulus</strong></span> <span class='ocrx_word' id='word_1_66' title='bbox 364 1131 488 1212; x_wconf 75' lang='lat' dir='ltr'><strong>d&#39;opria</strong></span> <span class='ocrx_word' id='word_1_67' title='bbox 511 1130 658 1194; x_wconf 74' lang='lat' dir='ltr'><strong>Ciciroo:</strong></span> <span class='ocrx_word' id='word_1_68' title='bbox 688 1128 827 1196; x_wconf 71' lang='lat' dir='ltr'><strong>»Cicero</strong></span> <span class='ocrx_word' id='word_1_69' title='bbox 847 1131 882 1195; x_wconf 87' lang='lat' dir='ltr'><strong>in</strong></span> <span class='ocrx_word' id='word_1_70' title='bbox 904 1130 1078 1196; x_wconf 85' lang='lat' dir='ltr'><strong>Pisonem:</strong></span> <span class='ocrx_word' id='word_1_71' title='bbox 1107 1131 1268 1205; x_wconf 83' lang='lat' dir='ltr'><strong>Homulus</strong></span> 
     </span>
     <span class='ocr_line' id='line_1_11' title="bbox 104 1212 1266 1300; baseline 0.003 -23"><span class='ocrx_word' id='word_1_72' title='bbox 104 1222 204 1278; x_wconf 89' lang='lat' dir='ltr'><strong>etex</strong></span> <span class='ocrx_word' id='word_1_73' title='bbox 229 1215 346 1300; x_wconf 81' lang='lat' dir='ltr'><strong>argilla</strong></span> <span class='ocrx_word' id='word_1_74' title='bbox 374 1224 407 1279; x_wconf 91' lang='lat' dir='ltr'><strong>et</strong></span> <span class='ocrx_word' id='word_1_75' title='bbox 430 1235 472 1280; x_wconf 87' lang='lat' dir='ltr'><strong>ex</strong></span> <span class='ocrx_word' id='word_1_76' title='bbox 499 1212 567 1280; x_wconf 90' lang='lat' dir='ltr'><strong>luto</strong></span> <span class='ocrx_word' id='word_1_77' title='bbox 590 1212 698 1279; x_wconf 89' lang='lat' dir='ltr'><strong>fictus.</strong></span> <span class='ocrx_word' id='word_1_78' title='bbox 737 1213 854 1297; x_wconf 77' lang='lat' dir='ltr'><strong>&#39;Leno,</strong></span> <span class='ocrx_word' id='word_1_79' title='bbox 869 1215 1081 1285; x_wconf 79' lang='lat' dir='ltr'><strong>lenunculus</strong></span> <span class='ocrx_word' id='word_1_80' title='bbox 1101 1216 1155 1282; x_wconf 90' lang='lat' dir='ltr'><strong>vel</strong></span> <span class='ocrx_word' id='word_1_81' title='bbox 1177 1218 1266 1282; x_wconf 90' lang='lat' dir='ltr'><strong>lenn-</strong></span> 
     </span>
     <span class='ocr_line' id='line_1_12' title="bbox 103 1295 736 1376; baseline 0.014 -16"><span class='ocrx_word' id='word_1_82' title='bbox 103 1295 189 1363; x_wconf 74' lang='lat' dir='ltr'><strong>lusj”</strong></span> <span class='ocrx_word' id='word_1_83' title='bbox 230 1301 357 1364; x_wconf 89' lang='lat' dir='ltr'><strong>Institut</strong></span> <span class='ocrx_word' id='word_1_84' title='bbox 389 1299 534 1366; x_wconf 86' lang='lat' dir='ltr'><strong>Gramm.</strong></span> <span class='ocrx_word' id='word_1_85' title='bbox 555 1299 616 1376; x_wconf 89' lang='lat' dir='ltr'><strong>lll,</strong></span> <span class='ocrx_word' id='word_1_86' title='bbox 637 1298 669 1363; x_wconf 87' lang='grc'><strong>3.</strong></span> <span class='ocrx_word' id='word_1_87' title='bbox 691 1333 736 1369; x_wconf 87' lang='grc'><strong>·.-</strong></span> 
     </span>
    </p>

    <p class='ocr_par' dir='ltr' id='par_1_6' title="bbox 101 1383 1267 1640">
     <span class='ocr_line' id='line_1_13' title="bbox 188 1383 1267 1472; baseline 0.001 -24"><span class='ocrx_word' id='word_1_88' title='bbox 188 1383 241 1449; x_wconf 86' lang='lat' dir='ltr'><strong>Ab</strong></span> <span class='ocrx_word' id='word_1_89' title='bbox 265 1384 318 1450; x_wconf 91' lang='lat' dir='ltr'><strong>his</strong></span> <span class='ocrx_word' id='word_1_90' title='bbox 342 1384 516 1471; x_wconf 79' lang='lat' dir='ltr'><strong>nugisvel</strong></span> <span class='ocrx_word' id='word_1_91' title='bbox 536 1383 649 1451; x_wconf 90' lang='lat' dir='ltr'><strong>Rutilii</strong></span> <span class='ocrx_word' id='word_1_92' title='bbox 669 1384 774 1452; x_wconf 89' lang='lat' dir='ltr'><strong>verba</strong></span> <span class='ocrx_word' id='word_1_93' title='bbox 797 1405 939 1453; x_wconf 87' lang='lat' dir='ltr'><strong>avocare</strong></span> <span class='ocrx_word' id='word_1_94' title='bbox 962 1384 1158 1466; x_wconf 88' lang='lat' dir='ltr'><strong>debuerant,</strong></span> <span class='ocrx_word' id='word_1_95' title='bbox 1182 1407 1267 1472; x_wconf 85' lang='lat' dir='ltr'><strong>quae</strong></span> 
     </span>
     <span class='ocr_line' id='line_1_14' title="bbox 101 1466 1265 1554; baseline 0.003 -23"><span class='ocrx_word' id='word_1_96' title='bbox 101 1469 303 1536; x_wconf 81' lang='lat' dir='ltr'><strong>incuriosior</strong></span> <span class='ocrx_word' id='word_1_97' title='bbox 328 1471 435 1536; x_wconf 87' lang='lat' dir='ltr'><strong>editor</strong></span> <span class='ocrx_word' id='word_1_98' title='bbox 456 1470 656 1554; x_wconf 78' lang='lat' dir='ltr'><strong>transmisit,</strong></span> <span class='ocrx_word' id='word_1_99' title='bbox 686 1466 788 1536; x_wconf 88' lang='lat' dir='ltr'><strong>haec:</strong></span> <span class='ocrx_word' id='word_1_100' title='bbox 832 1476 946 1535; x_wconf 60' lang='lat' dir='ltr'><strong>altem.-</strong></span> <span class='ocrx_word' id='word_1_101' title='bbox 973 1471 1173 1537; x_wconf 86' lang='lat' dir='ltr'><strong>Universum</strong></span> <span class='ocrx_word' id='word_1_102' title='bbox 1196 1493 1265 1535; x_wconf 81' lang='lat' dir='ltr'><strong>nru-</strong></span> 
     </span>
     <span class='ocr_line' id='line_1_15' title="bbox 101 1552 1266 1640; baseline 0.004 -25"><span class='ocrx_word' id='word_1_103' title='bbox 101 1552 234 1623; x_wconf 82' lang='lat' dir='ltr'><strong>lierem:</strong></span> <span class='ocrx_word' id='word_1_104' title='bbox 257 1555 335 1638; x_wconf 91' lang='lat' dir='ltr'><strong>quid</strong></span> <span class='ocrx_word' id='word_1_105' title='bbox 355 1556 464 1638; x_wconf 88' lang='lat' dir='ltr'><strong>potius</strong></span> <span class='ocrx_word' id='word_1_106' title='bbox 488 1553 596 1619; x_wconf 88' lang='lat' dir='ltr'><strong>dicam</strong></span> <span class='ocrx_word' id='word_1_107' title='bbox 618 1562 674 1618; x_wconf 88' lang='lat' dir='ltr'><strong>aut</strong></span> <span class='ocrx_word' id='word_1_108' title='bbox 694 1556 818 1635; x_wconf 86' lang='lat' dir='ltr'><strong>verius,</strong></span> <span class='ocrx_word' id='word_1_109' title='bbox 840 1576 939 1640; x_wconf 86' lang='lat' dir='ltr'><strong>quam</strong></span> <span class='ocrx_word' id='word_1_110' title='bbox 960 1555 1174 1621; x_wconf 71' lang='lat' dir='ltr'><strong>mulieremi&#39;’</strong></span> <span class='ocrx_word' id='word_1_111' title='bbox 1202 1556 1266 1621; x_wconf 89' lang='lat' dir='ltr'><strong>Ubi</strong></span> 
     </span>
    </p>

    <p class='ocr_par' dir='ltr' id='par_1_7' title="bbox 78 1637 1264 1789">
     <span class='ocr_line' id='line_1_16' title="bbox 78 1637 1264 1787; baseline -0.001 -85"><span class='ocrx_word' id='word_1_112' title='bbox 78 1683 79 1686; x_wconf 63' lang='lat'><strong>,</strong></span> <span class='ocrx_word' id='word_1_113' title='bbox 102 1637 231 1787; x_wconf 53' lang='grc' dir='ltr'><strong>111101ιό1Ιῇ</strong></span> <span class='ocrx_word' id='word_1_114' title='bbox 244 1641 565 1786; x_wconf 53' lang='grc' dir='ltr'><strong>ΒΙΙΙΙΗΝΚΕΝΙΜ.</strong></span> <span class='ocrx_word' id='word_1_115' title='bbox 595 1639 774 1721; x_wconf 82' lang='lat' dir='ltr'><strong>Euripides</strong></span> <span class='ocrx_word' id='word_1_116' title='bbox 796 1639 1061 1724; x_wconf 88' lang='lat' dir='ltr'><strong>Bellerophontis</strong></span> <span class='ocrx_word' id='word_1_117' title='bbox 1082 1638 1123 1705; x_wconf 92' lang='lat' dir='ltr'><strong>fr.</strong></span> <span class='ocrx_word' id='word_1_118' title='bbox 1144 1640 1212 1705; x_wconf 89' lang='lat' dir='ltr'><strong>Xll.</strong></span> <span class='ocrx_word' id='word_1_119' title='bbox 1234 1662 1264 1725; x_wconf 85' lang='lat' dir='ltr'><strong>p.</strong></span> 
     </span>
     <span class='ocr_line' id='line_1_17' title="bbox 169 1725 1054 1789; baseline 0.006 -3"><span class='ocrx_word' id='word_1_120' title='bbox 169 1772 175 1786; x_wconf 92' lang='lat'><strong>.</strong></span> <span class='ocrx_word' id='word_1_121' title='bbox 216 1725 362 1789; x_wconf 86' lang='lat' dir='ltr'><strong>attiae.</strong></span> <span class='ocrx_word' id='word_1_122' title='bbox 529 1755 530 1759; x_wconf 41' lang='lat'>¹</span> <span class='ocrx_word' id='word_1_123' title='bbox 601 1732 603 1741; x_wconf 82' lang='grc'>’</span> <span class='ocrx_word' id='word_1_124' title='bbox 940 1785 943 1789; x_wconf 93' lang='grc'><strong>.</strong></span> <span class='ocrx_word' id='word_1_125' title='bbox 1049 1762 1054 1779; x_wconf 59' lang='grc' dir='ltr'><strong><em>ι</em></strong></span> 
     </span>
    </p>
   </div>
   <div class='ocr_carea' id='block_1_5' title="bbox 249 1834 1109 2004">
    <p class='ocr_par' dir='ltr' id='par_1_8' title="bbox 249 1834 1109 2004">
     <span class='ocr_line' id='line_1_18' title="bbox 249 1834 1063 1927; baseline 0.004 -25"><span class='ocrx_word' id='word_1_126' title='bbox 249 1834 295 1902; x_wconf 83' lang='grc' dir='ltr'><strong><em>Ὦ</em></strong></span> <span class='ocrx_word' id='word_1_127' title='bbox 316 1841 557 1925; x_wconf 79' lang='grc' dir='ltr'><strong><em>παγκακίστη</em></strong></span> <span class='ocrx_word' id='word_1_128' title='bbox 576 1844 639 1904; x_wconf 85' lang='grc' dir='ltr'><strong>καὶ</strong></span> <span class='ocrx_word' id='word_1_129' title='bbox 660 1838 767 1926; x_wconf 81' lang='grc' dir='ltr'><em>γυνή·</em></span> <span class='ocrx_word' id='word_1_130' title='bbox 793 1843 834 1904; x_wconf 84' lang='grc' dir='ltr'><strong>τί</strong></span> <span class='ocrx_word' id='word_1_131' title='bbox 854 1839 923 1927; x_wconf 69' lang='grc' dir='ltr'><strong>γάρ</strong></span> <span class='ocrx_word' id='word_1_132' title='bbox 947 1842 1063 1926; x_wconf 67' lang='grc' dir='ltr'><strong><em>λέγων</em></strong></span> 
     </span>
     <span class='ocr_line' id='line_1_19' title="bbox 255 1923 1109 2004; baseline 0.004 -17"><span class='ocrx_word' id='word_1_133' title='bbox 255 1923 397 2002; x_wconf 80' lang='grc' dir='ltr'><strong><em>Μεῐζόν</em></strong></span> <span class='ocrx_word' id='word_1_134' title='bbox 418 1950 458 1989; x_wconf 86' lang='grc' dir='ltr'><strong>σε</strong></span> <span class='ocrx_word' id='word_1_135' title='bbox 478 1925 582 1989; x_wconf 79' lang='grc' dir='ltr'><em>τοῦδ’</em></span> <span class='ocrx_word' id='word_1_136' title='bbox 604 1923 747 2000; x_wconf 80' lang='grc' dir='ltr'><strong>ὄνειδος</strong></span> <span class='ocrx_word' id='word_1_137' title='bbox 768 1927 907 2002; x_wconf 79' lang='grc' dir='ltr'><strong>ἐξείποι</strong></span> <span class='ocrx_word' id='word_1_138' title='bbox 929 1951 987 2003; x_wconf 87' lang='grc' dir='ltr'><strong>τις</strong></span> <span class='ocrx_word' id='word_1_139' title='bbox 1009 1923 1070 2004; x_wconf 80' lang='grc' dir='ltr'><strong>ἇν;</strong></span> <span class='ocrx_word' id='word_1_140' title='bbox 1106 1983 1109 1990; x_wconf 96' lang='grc'><strong>.</strong></span> 
     </span>
    </p>
   </div>
   <div class='ocr_carea' id='block_1_6' title="bbox 64 2060 1275 3080">
    <p class='ocr_par' dir='ltr' id='par_1_9' title="bbox 96 2060 1275 2297">
     <span class='ocr_line' id='line_1_20' title="bbox 101 2060 1275 2148; baseline 0 -22"><span class='ocrx_word' id='word_1_141' title='bbox 101 2060 157 2126; x_wconf 93' lang='lat' dir='ltr'><strong>Ad</strong></span> <span class='ocrx_word' id='word_1_142' title='bbox 170 2060 257 2127; x_wconf 90' lang='lat' dir='ltr'><strong>hunc</strong></span> <span class='ocrx_word' id='word_1_143' title='bbox 271 2081 407 2126; x_wconf 91' lang='lat' dir='ltr'><strong>sensum</strong></span> <span class='ocrx_word' id='word_1_144' title='bbox 426 2064 625 2146; x_wconf 84' lang='lat' dir='ltr'><strong>scripturam</strong></span> <span class='ocrx_word' id='word_1_145' title='bbox 639 2083 760 2130; x_wconf 88' lang='lat' dir='ltr'><strong>versus</strong></span> <span class='ocrx_word' id='word_1_146' title='bbox 776 2065 880 2128; x_wconf 88' lang='lat' dir='ltr'><strong>nostri</strong></span> <span class='ocrx_word' id='word_1_147' title='bbox 895 2064 1116 2148; x_wconf 86' lang='lat' dir='ltr'><strong>attemperavi.</strong></span> <span class='ocrx_word' id='word_1_148' title='bbox 1151 2061 1275 2127; x_wconf 88' lang='lat' dir='ltr'><strong>Verba&#39;</strong></span> 
     </span>
     <span class='ocr_line' id='line_1_21' title="bbox 99 2146 1264 2232; baseline 0.001 -24"><span class='ocrx_word' id='word_1_149' title='bbox 99 2152 135 2208; x_wconf 80' lang='lat' dir='ltr'><strong>r&#39;n</strong></span> <span class='ocrx_word' id='word_1_150' title='bbox 158 2150 230 2226; x_wconf 80' lang='lat' dir='ltr'><strong>froc,</strong></span> <span class='ocrx_word' id='word_1_151' title='bbox 263 2146 284 2212; x_wconf 91' lang='lat' dir='ltr'><strong>i.</strong></span> <span class='ocrx_word' id='word_1_152' title='bbox 300 2167 330 2211; x_wconf 86' lang='lat' dir='ltr'><strong>e.</strong></span> <span class='ocrx_word' id='word_1_153' title='bbox 351 2155 385 2210; x_wconf 79' lang='lat' dir='ltr'><strong>in</strong></span> <span class='ocrx_word' id='word_1_154' title='bbox 405 2151 465 2211; x_wconf 82' lang='lat' dir='ltr'><strong>boc</strong></span> <span class='ocrx_word' id='word_1_155' title='bbox 485 2154 727 2232; x_wconf 81' lang='lat' dir='ltr'><strong>compellatione,</strong></span> <span class='ocrx_word' id='word_1_156' title='bbox 755 2150 959 2232; x_wconf 84' lang='lat' dir='ltr'><strong>respondent</strong></span> <span class='ocrx_word' id='word_1_157' title='bbox 981 2150 1044 2215; x_wconf 83' lang='lat' dir='ltr'><strong>illis</strong></span> <span class='ocrx_word' id='word_1_158' title='bbox 1067 2151 1144 2230; x_wconf 81' lang='lat' dir='ltr'><strong>quid</strong></span> <span class='ocrx_word' id='word_1_159' title='bbox 1159 2154 1264 2227; x_wconf 73' lang='lat' dir='ltr'><strong>potuer</strong></span> 
     </span>
     <span class='ocr_line' id='line_1_22' title="bbox 96 2235 419 2297; baseline 0 -3"><span class='ocrx_word' id='word_1_160' title='bbox 96 2236 198 2294; x_wconf 79' lang='lat' dir='ltr'><strong>dicum</strong></span> <span class='ocrx_word' id='word_1_161' title='bbox 218 2240 275 2295; x_wconf 81' lang='lat' dir='ltr'><strong>out</strong></span> <span class='ocrx_word' id='word_1_162' title='bbox 292 2235 419 2297; x_wconf 65' lang='lat' dir='ltr'><strong>remora?</strong></span> 
     </span>
    </p>

    <p class='ocr_par' dir='ltr' id='par_1_10' title="bbox 95 2310 1264 2820">
     <span class='ocr_line' id='line_1_23' title="bbox 182 2310 1264 2400; baseline -0.001 -21"><span class='ocrx_word' id='word_1_163' title='bbox 182 2351 225 2362; x_wconf 84' lang='lat'>—</span> <span class='ocrx_word' id='word_1_164' title='bbox 245 2314 297 2379; x_wconf 83' lang='lat'><strong>5⁰.</strong></span> <span class='ocrx_word' id='word_1_165' title='bbox 341 2311 586 2378; x_wconf 70' lang='lat' dir='ltr'><strong>Hoboododecov</strong></span> <span class='ocrx_word' id='word_1_166' title='bbox 605 2315 741 2400; x_wconf 87' lang='lat' dir='ltr'><strong>reliqui,</strong></span> <span class='ocrx_word' id='word_1_167' title='bbox 763 2336 839 2380; x_wconf 89' lang='lat' dir='ltr'><strong>cum</strong></span> <span class='ocrx_word' id='word_1_168' title='bbox 859 2310 1102 2377; x_wconf 63' lang='lat' dir='ltr'><strong>uotvodvsavov</strong></span> <span class='ocrx_word' id='word_1_169' title='bbox 1124 2314 1264 2380; x_wconf 83' lang='lat' dir='ltr'><strong>ediderit</strong></span> 
     </span>
     <span class='ocr_line' id='line_1_24' title="bbox 96 2397 1263 2475; baseline -0.003 -11"><span class='ocrx_word' id='word_1_170' title='bbox 96 2398 391 2475; x_wconf 79' lang='lat' dir='ltr'><strong>Quiculmrus.</strong></span> <span class='ocrx_word' id='word_1_171' title='bbox 436 2397 493 2464; x_wconf 89' lang='lat' dir='ltr'><strong>Sic</strong></span> <span class='ocrx_word' id='word_1_172' title='bbox 508 2398 594 2464; x_wconf 90' lang='lat' dir='ltr'><strong>enim</strong></span> <span class='ocrx_word' id='word_1_173' title='bbox 608 2400 756 2465; x_wconf 87' lang='lat' dir='ltr'><strong>voluisse</strong></span> <span class='ocrx_word' id='word_1_174' title='bbox 780 2408 950 2464; x_wconf 81' lang='lat' dir='ltr'><strong>auctorem</strong></span> <span class='ocrx_word' id='word_1_175' title='bbox 964 2397 1063 2462; x_wconf 88' lang='lat' dir='ltr'><strong>fidem</strong></span> <span class='ocrx_word' id='word_1_176' title='bbox 1078 2397 1157 2464; x_wconf 85' lang='lat' dir='ltr'><strong>facit</strong></span> <span class='ocrx_word' id='word_1_177' title='bbox 1170 2403 1263 2462; x_wconf 79' lang='lat' dir='ltr'><strong>Mol·</strong></span> 
     </span>
     <span class='ocr_line' id='line_1_25' title="bbox 95 2480 1263 2568; baseline 0.003 -22"><span class='ocrx_word' id='word_1_178' title='bbox 95 2493 230 2564; x_wconf 77' lang='lat' dir='ltr'><strong>tiiuoom</strong></span> <span class='ocrx_word' id='word_1_179' title='bbox 258 2485 372 2568; x_wconf 86' lang='lat' dir='ltr'><strong>ipsius.</strong></span> <span class='ocrx_word' id='word_1_180' title='bbox 415 2482 555 2549; x_wconf 87' lang='lat' dir='ltr'><strong>Rutilius</strong></span> <span class='ocrx_word' id='word_1_181' title='bbox 583 2484 615 2566; x_wconf 88' lang='lat' dir='ltr'><strong>l,</strong></span> <span class='ocrx_word' id='word_1_182' title='bbox 646 2485 696 2549; x_wconf 88' lang='grc'><strong>14.</strong></span> <span class='ocrx_word' id='word_1_183' title='bbox 725 2480 1126 2548; x_wconf 82' lang='lat' dir='ltr'><strong>POLYSYNTHETON.</strong></span> <span class='ocrx_word' id='word_1_184' title='bbox 1172 2482 1263 2551; x_wconf 70' lang='lat' dir='ltr'><strong>„Hoc</strong></span> 
     </span>
     <span class='ocr_line' id='line_1_26' title="bbox 97 2566 1262 2649; baseline -0.002 -14"><span class='ocrx_word' id='word_1_185' title='bbox 97 2567 235 2635; x_wconf 89' lang='lat' dir='ltr'><strong>schema</strong></span> <span class='ocrx_word' id='word_1_186' title='bbox 259 2567 418 2649; x_wconf 89' lang='lat' dir='ltr'><strong>efficitur,</strong></span> <span class='ocrx_word' id='word_1_187' title='bbox 450 2588 525 2633; x_wconf 91' lang='lat' dir='ltr'><strong>cum</strong></span> <span class='ocrx_word' id='word_1_188' title='bbox 552 2573 737 2634; x_wconf 87' lang='lat' dir='ltr'><strong>sententiae</strong></span> <span class='ocrx_word' id='word_1_189' title='bbox 757 2567 932 2633; x_wconf 90' lang='lat' dir='ltr'><strong>multorum</strong></span> <span class='ocrx_word' id='word_1_190' title='bbox 952 2566 1163 2633; x_wconf 89' lang='lat' dir='ltr'><strong>articulorum</strong></span> <span class='ocrx_word' id='word_1_191' title='bbox 1185 2587 1262 2633; x_wconf 92' lang='lat' dir='ltr'><strong>cou-</strong></span> 
     </span>
     <span class='ocr_line' id='line_1_27' title="bbox 96 2650 1263 2738; baseline -0.001 -20"><span class='ocrx_word' id='word_1_192' title='bbox 96 2655 242 2719; x_wconf 90' lang='lat' dir='ltr'><strong>venienti</strong></span> <span class='ocrx_word' id='word_1_193' title='bbox 268 2653 389 2738; x_wconf 90' lang='lat' dir='ltr'><strong>copula</strong></span> <span class='ocrx_word' id='word_1_194' title='bbox 414 2654 628 2719; x_wconf 76' lang='lat' dir='ltr'><strong>conducatur.</strong></span> <span class='ocrx_word' id='word_1_195' title='bbox 672 2652 908 2719; x_wconf 72' lang='lat' dir='ltr'><strong>PY&#39;l&#39;HEAE:¹</strong></span> <span class='ocrx_word' id='word_1_196' title='bbox 943 2650 1001 2716; x_wconf 93' lang='lat' dir='ltr'><strong>llle</strong></span> <span class='ocrx_word' id='word_1_197' title='bbox 1026 2650 1115 2718; x_wconf 90' lang='lat' dir='ltr'><strong>hunc</strong></span> <span class='ocrx_word' id='word_1_198' title='bbox 1145 2661 1263 2717; x_wconf 89' lang='lat' dir='ltr'><strong>catena</strong></span> 
     </span>
     <span class='ocr_line' id='line_1_28' title="bbox 98 2736 1262 2820; baseline -0.003 -16"><span class='ocrx_word' id='word_1_199' title='bbox 98 2740 313 2806; x_wconf 88' lang='lat' dir='ltr'><strong>constrictum</strong></span> <span class='ocrx_word' id='word_1_200' title='bbox 340 2737 511 2820; x_wconf 88' lang='lat' dir='ltr'><strong>trahebat,</strong></span> <span class='ocrx_word' id='word_1_201' title='bbox 545 2737 600 2804; x_wconf 92' lang='lat' dir='ltr'><strong>hic</strong></span> <span class='ocrx_word' id='word_1_202' title='bbox 629 2750 730 2804; x_wconf 76' lang='lat' dir='ltr'><strong>coroa</strong></span> <span class='ocrx_word' id='word_1_203' title='bbox 758 2736 1013 2803; x_wconf 84' lang='lat' dir='ltr'><strong>vociferabatur.</strong></span> <span class='ocrx_word' id='word_1_204' title='bbox 1069 2736 1262 2802; x_wconf 82' lang='lat' dir='ltr'><strong>Concursus</strong></span> 
     </span>
    </p>

    <p class='ocr_par' dir='ltr' id='par_1_11' title="bbox 64 2819 1265 3080">
     <span class='ocr_line' id='line_1_29' title="bbox 64 2819 1265 2907; baseline -0.002 -21"><span class='ocrx_word' id='word_1_205' title='bbox 64 2872 70 2881; x_wconf 76' lang='grc'><strong><em>,</em></strong></span> <span class='ocrx_word' id='word_1_206' title='bbox 98 2819 170 2887; x_wconf 72' lang='lat' dir='ltr'><strong>vero</strong></span> <span class='ocrx_word' id='word_1_207' title='bbox 191 2844 259 2891; x_wconf 87' lang='lat' dir='ltr'><strong>non</strong></span> <span class='ocrx_word' id='word_1_208' title='bbox 278 2825 473 2905; x_wconf 91' lang='lat' dir='ltr'><strong>mediocris,</strong></span> <span class='ocrx_word' id='word_1_209' title='bbox 505 2844 579 2890; x_wconf 90' lang='lat' dir='ltr'><strong>cum</strong></span> <span class='ocrx_word' id='word_1_210' title='bbox 601 2835 709 2898; x_wconf 24' lang='lat' dir='ltr'><strong>imnec-</strong></span> <span class='ocrx_word' id='word_1_211' title='bbox 722 2844 838 2888; x_wconf 88' lang='lat' dir='ltr'><strong>0mnes</strong></span> <span class='ocrx_word' id='word_1_212' title='bbox 861 2819 1014 2907; x_wconf 90' lang='lat' dir='ltr'><strong>opitulari</strong></span> <span class='ocrx_word' id='word_1_213' title='bbox 1035 2822 1173 2896; x_wconf 87' lang='lat' dir='ltr'><strong>vellent,</strong></span> <span class='ocrx_word' id='word_1_214' title='bbox 1205 2826 1265 2884; x_wconf 79' lang='lat' dir='ltr'><strong>aed</strong></span> 
     </span>
     <span class='ocr_line' id='line_1_30' title="bbox 76 2909 1261 2998; baseline -0.001 -26"><span class='ocrx_word' id='word_1_215' title='bbox 76 2929 196 2974; x_wconf 79' lang='lat' dir='ltr'><strong>nemo</strong></span> <span class='ocrx_word' id='word_1_216' title='bbox 224 2911 370 2975; x_wconf 89' lang='lat' dir='ltr'><strong>auderet.</strong></span> <span class='ocrx_word' id='word_1_217' title='bbox 421 2913 533 2991; x_wconf 80' lang='lat' dir='ltr'><strong>Neque</strong></span> <span class='ocrx_word' id='word_1_218' title='bbox 558 2909 603 2972; x_wconf 91' lang='lat' dir='ltr'><strong>ibi</strong></span> <span class='ocrx_word' id='word_1_219' title='bbox 629 2931 663 2973; x_wconf 92' lang='lat' dir='ltr'><strong>m</strong></span> <span class='ocrx_word' id='word_1_220' title='bbox 707 2909 842 2972; x_wconf 88' lang='lat' dir='ltr'><strong>istratus</strong></span> <span class='ocrx_word' id='word_1_221' title='bbox 874 2909 1008 2988; x_wconf 88' lang='lat' dir='ltr'><strong>aderat,</strong></span> <span class='ocrx_word' id='word_1_222' title='bbox 1043 2929 1100 2998; x_wconf 70' lang='lat' dir='ltr'><strong>neq</strong></span> <span class='ocrx_word' id='word_1_223' title='bbox 1124 2909 1261 2972; x_wconf 91' lang='lat' dir='ltr'><strong>circum-</strong></span> 
     </span>
     <span class='ocr_line' id='line_1_31' title="bbox 98 2991 1265 3080; baseline -0.003 -22"><span class='ocrx_word' id='word_1_224' title='bbox 98 2993 289 3078; x_wconf 87' lang='lat' dir='ltr'><strong>spicientes,</strong></span> <span class='ocrx_word' id='word_1_225' title='bbox 311 3015 377 3080; x_wconf 89' lang='lat' dir='ltr'><strong>qno</strong></span> <span class='ocrx_word' id='word_1_226' title='bbox 396 2992 604 3077; x_wconf 87' lang='lat' dir='ltr'><strong>potissimum</strong></span> <span class='ocrx_word' id='word_1_227' title='bbox 625 3015 686 3061; x_wconf 90' lang='lat' dir='ltr'><strong>con</strong></span> <span class='ocrx_word' id='word_1_228' title='bbox 703 3012 899 3077; x_wconf 80' lang='lat' dir='ltr'><strong>ageremus,</strong></span> <span class='ocrx_word' id='word_1_229' title='bbox 920 2991 1185 3076; x_wconf 86' lang='lat' dir='ltr'><strong>reperiebamus;</strong></span> <span class='ocrx_word' id='word_1_230' title='bbox 1207 2996 1265 3056; x_wconf 78' lang='lat' dir='ltr'><strong>red</strong></span> 
     </span>
    </p>
   </div>
   <div class='ocr_carea' id='block_1_7' title="bbox 97 3075 1364 3164">
    <p class='ocr_par' dir='ltr' id='par_1_12' title="bbox 97 3075 1364 3164">
     <span class='ocr_line' id='line_1_32' title="bbox 97 3075 1364 3164; baseline -0.005 -20"><span class='ocrx_word' id='word_1_231' title='bbox 97 3100 164 3144; x_wconf 89' lang='lat' dir='ltr'><strong>uno</strong></span> <span class='ocrx_word' id='word_1_232' title='bbox 183 3090 332 3164; x_wconf 91' lang='lat' dir='ltr'><strong>tempore</strong></span> <span class='ocrx_word' id='word_1_233' title='bbox 350 3100 414 3144; x_wconf 91' lang='lat' dir='ltr'><strong>nos</strong></span> <span class='ocrx_word' id='word_1_234' title='bbox 433 3088 464 3142; x_wconf 81' lang='lat' dir='ltr'><strong>et</strong></span> <span class='ocrx_word' id='word_1_235' title='bbox 481 3099 645 3163; x_wconf 86' lang='lat' dir='ltr'><strong>praesens</strong></span> <span class='ocrx_word' id='word_1_236' title='bbox 667 3089 699 3141; x_wconf 85' lang='lat' dir='ltr'><strong>er</strong></span> <span class='ocrx_word' id='word_1_237' title='bbox 715 3079 861 3142; x_wconf 83' lang='lat' dir='ltr'><strong>futurum</strong></span> <span class='ocrx_word' id='word_1_238' title='bbox 887 3075 1012 3140; x_wconf 90' lang='lat' dir='ltr'><strong>malum</strong></span> <span class='ocrx_word' id='word_1_239' title='bbox 1039 3076 1261 3158; x_wconf 86' lang='lat' dir='ltr'><strong>perturbabat</strong></span> <span class='ocrx_word' id='word_1_240' title='bbox 1361 3079 1364 3089; x_wconf 90' lang='lat'>&#39;</span> 
     </span>
    </p>
   </div>
   <div class='ocr_carea' id='block_1_8' title="bbox 95 3160 1262 3755">
    <p class='ocr_par' dir='ltr' id='par_1_13' title="bbox 95 3160 1262 3755">
     <span class='ocr_line' id='line_1_33' title="bbox 97 3160 1262 3266; baseline -0.007 -37"><span class='ocrx_word' id='word_1_241' title='bbox 97 3169 183 3229; x_wconf 86' lang='lat' dir='ltr'><strong>Nom</strong></span> <span class='ocrx_word' id='word_1_242' title='bbox 195 3184 365 3266; x_wconf 77' lang='lat' dir='ltr'><strong>praesens</strong></span> <span class='ocrx_word' id='word_1_243' title='bbox 388 3174 519 3248; x_wconf 88' lang='lat' dir='ltr'><strong>tempus</strong></span> <span class='ocrx_word' id='word_1_244' title='bbox 542 3165 728 3229; x_wconf 85' lang='lat' dir='ltr'><strong>acerbitatis</strong></span> <span class='ocrx_word' id='word_1_245' title='bbox 750 3171 821 3227; x_wconf 87' lang='lat' dir='ltr'><strong>erat</strong></span> <span class='ocrx_word' id='word_1_246' title='bbox 841 3161 987 3247; x_wconf 90' lang='lat' dir='ltr'><strong>plenum,</strong></span> <span class='ocrx_word' id='word_1_247' title='bbox 1009 3160 1171 3245; x_wconf 87' lang='lat' dir='ltr'><strong>reliquum</strong></span> <span class='ocrx_word' id='word_1_248' title='bbox 1192 3183 1262 3224; x_wconf 80' lang='lat' dir='ltr'><strong>tero</strong></span> 
     </span>
     <span class='ocr_line' id='line_1_34' title="bbox 97 3244 1262 3334; baseline -0.003 -20"><span class='ocrx_word' id='word_1_249' title='bbox 97 3250 276 3314; x_wconf 80' lang='lat' dir='ltr'><strong>timoris.’&#39;&#39;’</strong></span> <span class='ocrx_word' id='word_1_250' title='bbox 318 3250 366 3314; x_wconf 90' lang='lat' dir='ltr'><strong>lbi</strong></span> <span class='ocrx_word' id='word_1_251' title='bbox 397 3270 529 3334; x_wconf 87' lang='lat' dir='ltr'><strong>quoque</strong></span> <span class='ocrx_word' id='word_1_252' title='bbox 554 3247 708 3315; x_wconf 89' lang='lat' dir='ltr'><strong>Gesnero</strong></span> <span class='ocrx_word' id='word_1_253' title='bbox 736 3247 1029 3332; x_wconf 87' lang='lat' dir='ltr'><strong>obtemperandum</strong></span> <span class='ocrx_word' id='word_1_254' title='bbox 1057 3244 1262 3324; x_wconf 48' lang='grc' dir='ltr'><strong>,1613161Ρο,-</strong></span> 
     </span>
     <span class='ocr_line' id='line_1_35' title="bbox 95 3329 1261 3418; baseline -0.007 -18"><span class='ocrx_word' id='word_1_255' title='bbox 95 3332 403 3401; x_wconf 82' lang='lat' dir='ltr'><strong>LYSYNDETON</strong></span> <span class='ocrx_word' id='word_1_256' title='bbox 419 3335 604 3418; x_wconf 85' lang='lat' dir='ltr'><strong>corrigenti.</strong></span> <span class='ocrx_word' id='word_1_257' title='bbox 641 3331 767 3400; x_wconf 84' lang='lat' dir='ltr'><strong>Confer</strong></span> <span class='ocrx_word' id='word_1_258' title='bbox 782 3331 1016 3408; x_wconf 84' lang='lat' dir='ltr'><strong>Quintilianum</strong></span> <span class='ocrx_word' id='word_1_259' title='bbox 1030 3329 1093 3408; x_wconf 87' lang='lat' dir='ltr'><strong>lX,</strong></span> <span class='ocrx_word' id='word_1_260' title='bbox 1108 3330 1140 3409; x_wconf 83' lang='lat'><strong>3,</strong></span> <span class='ocrx_word' id='word_1_261' title='bbox 1155 3330 1197 3394; x_wconf 85' lang='lat'><strong>50</strong></span> <span class='ocrx_word' id='word_1_262' title='bbox 1212 3350 1230 3394; x_wconf 89' lang='lat' dir='ltr'><strong>s</strong></span> <span class='ocrx_word' id='word_1_263' title='bbox 1255 3376 1261 3391; x_wconf 92' lang='lat'><em>.</em></span> 
     </span>
     <span class='ocr_line' id='line_1_36' title="bbox 98 3351 1260 3505; baseline -0.007 -20"><span class='ocrx_word' id='word_1_264' title='bbox 98 3418 243 3502; x_wconf 88' lang='lat' dir='ltr'><strong>Contra,</strong></span> <span class='ocrx_word' id='word_1_265' title='bbox 265 3429 301 3484; x_wconf 92' lang='lat' dir='ltr'><strong>ut</strong></span> <span class='ocrx_word' id='word_1_266' title='bbox 322 3418 387 3485; x_wconf 91' lang='lat' dir='ltr'><strong>hoc</strong></span> <span class='ocrx_word' id='word_1_267' title='bbox 407 3419 615 3505; x_wconf 89' lang='lat' dir='ltr'><strong>praeteriens</strong></span> <span class='ocrx_word' id='word_1_268' title='bbox 635 3430 760 3497; x_wconf 87' lang='lat' dir='ltr'><strong>notem,</strong></span> <span class='ocrx_word' id='word_1_269' title='bbox 784 3418 872 3503; x_wconf 90' lang='lat' dir='ltr'><strong>apud</strong></span> <span class='ocrx_word' id='word_1_270' title='bbox 892 3415 1079 3482; x_wconf 89' lang='lat' dir='ltr'><strong>Charisium</strong></span> <span class='ocrx_word' id='word_1_271' title='bbox 1101 3415 1156 3493; x_wconf 88' lang='lat' dir='ltr'><strong>lV,</strong></span> <span class='ocrx_word' id='word_1_272' title='bbox 1179 3414 1211 3493; x_wconf 84' lang='lat'><strong>6,</strong></span> <span class='ocrx_word' id='word_1_273' title='bbox 1230 3351 1260 3477; x_wconf 80' lang='lat' dir='ltr'><strong>ii.</strong></span> 
     </span>
     <span class='ocr_line' id='line_1_37' title="bbox 95 3497 1262 3589; baseline -0.009 -18"><span class='ocrx_word' id='word_1_274' title='bbox 95 3525 131 3589; x_wconf 90' lang='lat' dir='ltr'><strong>p.</strong></span> <span class='ocrx_word' id='word_1_275' title='bbox 156 3504 228 3570; x_wconf 74' lang='lat'><strong>250.</strong></span> <span class='ocrx_word' id='word_1_276' title='bbox 250 3503 397 3584; x_wconf 79' lang='lat' dir='ltr'><strong>Putsch.,</strong></span> <span class='ocrx_word' id='word_1_277' title='bbox 418 3527 449 3589; x_wconf 94' lang='lat' dir='ltr'><strong>p.</strong></span> <span class='ocrx_word' id='word_1_278' title='bbox 469 3503 540 3569; x_wconf 88' lang='grc'><strong>167.</strong></span> <span class='ocrx_word' id='word_1_279' title='bbox 558 3503 706 3575; x_wconf 80' lang='lat' dir='ltr'><strong>Lindem.</strong></span> <span class='ocrx_word' id='word_1_280' title='bbox 748 3499 944 3566; x_wconf 70' lang='lat' dir='ltr'><strong>’Acdoitacoo</strong></span> <span class='ocrx_word' id='word_1_281' title='bbox 965 3501 1106 3584; x_wconf 81' lang='lat' dir='ltr'><strong>corrigo.</strong></span> <span class='ocrx_word' id='word_1_282' title='bbox 1150 3497 1262 3562; x_wconf 88' lang='lat' dir='ltr'><strong>Verba</strong></span> 
     </span>
     <span class='ocr_line' id='line_1_38' title="bbox 97 3584 1261 3673; baseline -0.006 -18"><span class='ocrx_word' id='word_1_283' title='bbox 97 3599 210 3669; x_wconf 41' lang='lat' dir='ltr'><strong>suatr,</strong></span> <span class='ocrx_word' id='word_1_284' title='bbox 236 3585 447 3655; x_wconf 73' lang='lat' dir='ltr'><strong>a’Aodvdrccv</strong></span> <span class='ocrx_word' id='word_1_285' title='bbox 476 3598 545 3671; x_wconf 88' lang='lat' dir='ltr'><strong>est,</strong></span> <span class='ocrx_word' id='word_1_286' title='bbox 573 3609 649 3654; x_wconf 92' lang='lat' dir='ltr'><strong>cum</strong></span> <span class='ocrx_word' id='word_1_287' title='bbox 674 3586 815 3673; x_wconf 88' lang='lat' dir='ltr'><strong>pluralis</strong></span> <span class='ocrx_word' id='word_1_288' title='bbox 845 3587 943 3652; x_wconf 89' lang='lat' dir='ltr'><strong>dictio</strong></span> <span class='ocrx_word' id='word_1_289' title='bbox 970 3584 1129 3671; x_wconf 81' lang='lat' dir='ltr'><strong>singulari</strong></span> <span class='ocrx_word' id='word_1_290' title='bbox 1158 3584 1261 3648; x_wconf 91' lang='lat' dir='ltr'><strong>verbo</strong></span> 
     </span>
     <span class='ocr_line' id='line_1_39' title="bbox 97 3673 396 3755; baseline -0.01 -12"><span class='ocrx_word' id='word_1_291' title='bbox 97 3673 320 3755; x_wconf 73' lang='lat' dir='ltr'><strong>concluditur,</strong></span> <span class='ocrx_word' id='word_1_292' title='bbox 343 3685 396 3741; x_wconf 85' lang='lat' dir='ltr'><strong>ut:</strong></span> 
     </span>
    </p>
   </div>
   <div class='ocr_carea' id='block_1_9' title="bbox 197 3796 857 3962">
    <p class='ocr_par' dir='ltr' id='par_1_14' title="bbox 197 3796 857 3962">
     <span class='ocr_line' id='line_1_40' title="bbox 566 3796 857 3870; baseline -0.003 -13"><span class='ocrx_word' id='word_1_293' title='bbox 566 3796 628 3857; x_wconf 80' lang='lat' dir='ltr'><strong>Hic</strong></span> <span class='ocrx_word' id='word_1_294' title='bbox 648 3796 733 3856; x_wconf 81' lang='lat' dir='ltr'><strong>illios</strong></span> <span class='ocrx_word' id='word_1_295' title='bbox 745 3813 857 3870; x_wconf 57' lang='lat' dir='ltr'><strong>„orarem</strong></span> 
     </span>
     <span class='ocr_line' id='line_1_41' title="bbox 197 3881 533 3962; baseline 0.003 -22"><span class='ocrx_word' id='word_1_296' title='bbox 197 3932 200 3940; x_wconf 90' lang='grc'><em>,</em></span> <span class='ocrx_word' id='word_1_297' title='bbox 250 3881 313 3943; x_wconf 82' lang='lat' dir='ltr'><strong>Hic</strong></span> <span class='ocrx_word' id='word_1_298' title='bbox 334 3901 446 3944; x_wconf 71' lang='lat' dir='ltr'><strong>curram</strong></span> <span class='ocrx_word' id='word_1_299' title='bbox 462 3885 533 3962; x_wconf 77' lang='lat' dir='ltr'><strong>suit.</strong></span> 
     </span>
    </p>
   </div>
   <div class='ocr_carea' id='block_1_10' title="bbox 96 4008 1262 4352">
    <p class='ocr_par' dir='ltr' id='par_1_15' title="bbox 96 4008 1262 4257">
     <span class='ocr_line' id='line_1_42' title="bbox 96 4008 1261 4087; baseline -0.009 -7"><span class='ocrx_word' id='word_1_300' title='bbox 96 4014 233 4080; x_wconf 54' lang='lat' dir='ltr'><strong>Debuit*</strong></span> <span class='ocrx_word' id='word_1_301' title='bbox 250 4015 337 4080; x_wconf 89' lang='lat' dir='ltr'><strong>enim</strong></span> <span class='ocrx_word' id='word_1_302' title='bbox 359 4015 488 4080; x_wconf 80' lang='lat' dir='ltr'><strong>dicere:</strong></span> <span class='ocrx_word' id='word_1_303' title='bbox 522 4011 577 4080; x_wconf 88' lang='lat' dir='ltr'><strong>hio</strong></span> <span class='ocrx_word' id='word_1_304' title='bbox 604 4012 693 4087; x_wconf 89' lang='lat' dir='ltr'><strong>illius</strong></span> <span class='ocrx_word' id='word_1_305' title='bbox 723 4031 816 4078; x_wconf 90' lang='lat' dir='ltr'><strong>arma</strong></span> <span class='ocrx_word' id='word_1_306' title='bbox 843 4008 1007 4075; x_wconf 54' lang='lat' dir='ltr'><strong>fuerunt?</strong></span> <span class='ocrx_word' id='word_1_307' title='bbox 1051 4008 1139 4073; x_wconf 89' lang='lat' dir='ltr'><strong>Idem</strong></span> <span class='ocrx_word' id='word_1_308' title='bbox 1172 4029 1261 4072; x_wconf 87' lang='lat' dir='ltr'><strong>men-</strong></span> 
     </span>
     <span class='ocr_line' id='line_1_43' title="bbox 99 4092 1262 4183; baseline -0.007 -19"><span class='ocrx_word' id='word_1_309' title='bbox 99 4103 177 4166; x_wconf 88' lang='lat' dir='ltr'><strong>dum</strong></span> <span class='ocrx_word' id='word_1_310' title='bbox 198 4098 277 4164; x_wconf 92' lang='lat' dir='ltr'><strong>tolle</strong></span> <span class='ocrx_word' id='word_1_311' title='bbox 298 4100 376 4164; x_wconf 87' lang='lat' dir='ltr'><strong>ibid.</strong></span> <span class='ocrx_word' id='word_1_312' title='bbox 397 4099 454 4180; x_wconf 91' lang='lat' dir='ltr'><strong>lV,</strong></span> <span class='ocrx_word' id='word_1_313' title='bbox 475 4099 619 4183; x_wconf 10' lang='lat' dir='ltr'><strong>6‚11.wp.</strong></span> <span class='ocrx_word' id='word_1_314' title='bbox 640 4094 710 4164; x_wconf 78' lang='lat'><strong>249.</strong></span> <span class='ocrx_word' id='word_1_315' title='bbox 733 4095 882 4178; x_wconf 88' lang='lat' dir='ltr'><strong>Putsch.,</strong></span> <span class='ocrx_word' id='word_1_316' title='bbox 907 4119 941 4180; x_wconf 85' lang='lat' dir='ltr'><strong>p.</strong></span> <span class='ocrx_word' id='word_1_317' title='bbox 966 4092 1034 4159; x_wconf 87' lang='grc'><strong>166.</strong></span> <span class='ocrx_word' id='word_1_318' title='bbox 1057 4093 1205 4160; x_wconf 81' lang='lat' dir='ltr'><strong>Lindum.</strong></span> <span class='ocrx_word' id='word_1_319' title='bbox 1230 4105 1262 4157; x_wconf 89' lang='lat' dir='ltr'><strong>et</strong></span> 
     </span>
     <span class='ocr_line' id='line_1_44' title="bbox 98 4184 1156 4257; baseline -0.004 -7"><span class='ocrx_word' id='word_1_320' title='bbox 98 4188 133 4250; x_wconf 91' lang='lat' dir='ltr'><strong>iu</strong></span> <span class='ocrx_word' id='word_1_321' title='bbox 153 4186 261 4251; x_wconf 88' lang='lat' dir='ltr'><strong>indice</strong></span> <span class='ocrx_word' id='word_1_322' title='bbox 281 4185 355 4249; x_wconf 88' lang='lat' dir='ltr'><strong>libri</strong></span> <span class='ocrx_word' id='word_1_323' title='bbox 399 4184 493 4250; x_wconf 75' lang='lat' dir='ltr'><strong>uarii.</strong></span> <span class='ocrx_word' id='word_1_324' title='bbox 764 4216 766 4221; x_wconf 96' lang='lat'>·</span> <span class='ocrx_word' id='word_1_325' title='bbox 1150 4240 1156 4257; x_wconf 71' lang='grc'>,</span> 
     </span>
    </p>

    <p class='ocr_par' dir='ltr' id='par_1_16' title="bbox 183 4268 1261 4352">
     <span class='ocr_line' id='line_1_45' title="bbox 183 4268 1261 4352; baseline -0.008 -18"><span class='ocrx_word' id='word_1_326' title='bbox 183 4306 226 4318; x_wconf 80' lang='grc'>-</span> <span class='ocrx_word' id='word_1_327' title='bbox 245 4270 298 4334; x_wconf 70' lang='lat'><strong>52.</strong></span> <span class='ocrx_word' id='word_1_328' title='bbox 342 4270 393 4344; x_wconf 71' lang='lat' dir='ltr'><strong>Qu</strong></span> <span class='ocrx_word' id='word_1_329' title='bbox 420 4268 581 4338; x_wconf 81' lang='lat' dir='ltr'><strong>CERATI</strong></span> <span class='ocrx_word' id='word_1_330' title='bbox 612 4269 775 4352; x_wconf 88' lang='lat' dir='ltr'><strong>scriptura</strong></span> <span class='ocrx_word' id='word_1_331' title='bbox 801 4272 834 4329; x_wconf 78' lang='lat' dir='ltr'><strong>io</strong></span> <span class='ocrx_word' id='word_1_332' title='bbox 858 4272 980 4347; x_wconf 76' lang='lat' dir='ltr'><strong>pereori</strong></span> <span class='ocrx_word' id='word_1_333' title='bbox 1009 4286 1074 4350; x_wconf 86' lang='lat' dir='ltr'><strong>quo</strong></span> <span class='ocrx_word' id='word_1_334' title='bbox 1098 4281 1261 4344; x_wconf 83' lang='lat' dir='ltr'><strong>sponsore</strong></span> 
     </span>
    </p>
   </div>
   <div class='ocr_carea' id='block_1_11' title="bbox 100 4347 1367 4440">
    <p class='ocr_par' dir='ltr' id='par_1_17' title="bbox 100 4347 1367 4440">
     <span class='ocr_line' id='line_1_46' title="bbox 100 4347 1367 4440; baseline -0.009 -20"><span class='ocrx_word' id='word_1_335' title='bbox 100 4354 235 4421; x_wconf 88' lang='lat' dir='ltr'><strong>defendi</strong></span> <span class='ocrx_word' id='word_1_336' title='bbox 262 4360 370 4439; x_wconf 87' lang='lat' dir='ltr'><strong>possit</strong></span> <span class='ocrx_word' id='word_1_337' title='bbox 398 4354 522 4421; x_wconf 79' lang='lat' dir='ltr'><strong>furstra</strong></span> <span class='ocrx_word' id='word_1_338' title='bbox 543 4374 696 4440; x_wconf 86' lang='lat' dir='ltr'><strong>quaeras.</strong></span> <span class='ocrx_word' id='word_1_339' title='bbox 739 4352 899 4435; x_wconf 79' lang='lat' dir='ltr'><strong>Repnsai.</strong></span> <span class='ocrx_word' id='word_1_340' title='bbox 917 4359 1046 4432; x_wconf 65' lang='lat' dir='ltr'><strong>perrona:</strong></span> <span class='ocrx_word' id='word_1_341' title='bbox 1091 4347 1261 4417; x_wconf 78' lang='lat' dir='ltr'><strong>Charisius</strong></span> <span class='ocrx_word' id='word_1_342' title='bbox 1363 4416 1367 4421; x_wconf 56' lang='grc'><strong>,</strong></span> 
     </span>
    </p>
   </div>
   <div class='ocr_carea' id='block_1_12' title="bbox 100 4432 1363 4524">
    <p class='ocr_par' dir='ltr' id='par_1_18' title="bbox 100 4432 1363 4524">
     <span class='ocr_line' id='line_1_47' title="bbox 100 4432 1363 4524; baseline -0.009 -20"><span class='ocrx_word' id='word_1_343' title='bbox 100 4442 143 4520; x_wconf 89' lang='lat' dir='ltr'><strong>ll,</strong></span> <span class='ocrx_word' id='word_1_344' title='bbox 161 4441 223 4506; x_wconf 87' lang='grc'><strong>168</strong></span> <span class='ocrx_word' id='word_1_345' title='bbox 247 4461 280 4524; x_wconf 89' lang='lat' dir='ltr'><strong>p.</strong></span> <span class='ocrx_word' id='word_1_346' title='bbox 296 4439 360 4505; x_wconf 85' lang='grc'><strong>189</strong></span> <span class='ocrx_word' id='word_1_347' title='bbox 381 4440 535 4522; x_wconf 90' lang='lat' dir='ltr'><strong>Putsch.,</strong></span> <span class='ocrx_word' id='word_1_348' title='bbox 557 4462 587 4523; x_wconf 89' lang='lat' dir='ltr'><strong>p.</strong></span> <span class='ocrx_word' id='word_1_349' title='bbox 606 4439 672 4504; x_wconf 63' lang='lat'><strong>126,</strong></span> <span class='ocrx_word' id='word_1_350' title='bbox 697 4438 843 4503; x_wconf 87' lang='lat' dir='ltr'><strong>Lindem.</strong></span> <span class='ocrx_word' id='word_1_351' title='bbox 860 4437 955 4503; x_wconf 90' lang='lat' dir='ltr'><strong>docet</strong></span> <span class='ocrx_word' id='word_1_352' title='bbox 970 4433 1129 4514; x_wconf 86' lang='lat' dir='ltr'><strong>exemplis</strong></span> <span class='ocrx_word' id='word_1_353' title='bbox 1144 4432 1261 4510; x_wconf 91' lang='lat' dir='ltr'><strong>Plauti,</strong></span> <span class='ocrx_word' id='word_1_354' title='bbox 1349 4432 1363 4445; x_wconf 85' lang='lat'><strong>&#39;&#39;</strong></span> 
     </span>
    </p>
   </div>
   <div class='ocr_carea' id='block_1_13' title="bbox 0 0 1378 4866">
    <p class='ocr_par' dir='ltr' id='par_1_19' title="bbox 0 0 1378 4866">
     <span class='ocr_line' id='line_1_48' title="bbox 0 0 1378 4866; baseline 0 0"><span class='ocrx_word' id='word_1_355' title='bbox 0 0 1378 4866; x_wconf 95' lang='lat' dir='ltr'><strong> </strong></span> 
     </span>
    </p>
   </div>
  </div>
 </body>
</html>
