2746 4866
526 238 541 295 ,ι
608 218 796 271 ...ιγ-..-

123 392 282 470 notitiam
308 376 603 468 introduriissemss·
631 393 846 494 'Accedebat
866 393 964 492 quod
979 392 1063 464 mihi
1078 391 1289 466 ridebantur

123 499 158 569 hi
184 523 307 570 versus
334 509 369 570 et
397 497 649 577 emendatiores
666 508 702 568 et
724 497 969 592 explicatiores
988 520 1094 592 posse
1116 494 1288 568 exbiberi.

123 600 261 673 Editori
288 600 378 672 enim
403 599 640 693 Franeogallo
661 599 719 670 vel
744 599 781 668 in
808 598 1049 671 emendatione
1075 597 1133 669 vel
1163 599 1199 669 in
1225 623 1306 693 err-¹

123 702 325 800 placatione
350 700 461 772 multa
489 701 628 800 quidem
653 726 823 799 prospere
839 693 1107 792 successerunt²
1136 699 1199 772 sed
1221 726 1288 772 nec

65 874 72 891 ,
126 805 272 877 sustulit
298 803 422 875 menda
449 805 581 896 omnia,
610 829 700 901 quae
727 800 844 875 tamen¹
867 803 1037 901 pleraque
1063 801 1167 873 facile
1183 813 1287 899 pote·

124 919 204 978 rant
230 907 422 999 removeri,
449 906 625 978 interdum
650 905 707 977 vel
723 931 815 977 nova
834 904 980 976 vulnera
1000 902 1145 996 inllixit3
1168 929 1298 1002 neque,

123 1009 184 1081 ille
211 1008 327 1080 fontes
352 1007 409 1080 vel
435 1007 685 1104 exemplorum,
703 1007 761 1078 vel
787 1006 969 1079 doctrinae
1003 1005 1201 1078 rhetoricae
1232 1009 1287 1076 ind

124 1111 253 1183 dicavit
282 1120 422 1206 praeter
456 1135 496 1181 ea
531 1134 622 1207 quae
652 1135 732 1180 eum
756 1109 892 1181 Rutilio
916 1110 1021 1205 Lupo
1055 1107 1288 1200 conveniunt3

124 1213 274 1310 denique
301 1212 336 1280 in
361 1236 508 1282 censura
537 1212 690 1283 universi
709 1209 821 1293 libelli
842 1209 952 1282 multa
970 1220 1032 1283 aut
1052 1211 1168 1281 minus
1187 1219 1287 1280 reete

18 1358 22 1375 ·
124 1316 196 1408 egit
221 1325 282 1384 aut
309 1312 385 1382 aliis
403 1311 539 1406 agenda
559 1312 713 1411 reliquit.
765 1315 830 1385 Vir
854 1313 977 1385 doctus
992 1310 1146 1385 dubitari
1163 1311 1290 1407 nequit

47 1456 49 1460 ·
125 1417 212 1515 quin
245 1427 280 1485 et
312 1414 416 1511 plura
448 1417 683 1512 praestitisset
716 1416 752 1485 in
790 1416 1029 1487 emendatione
1065 1412 1288 1507 singulorum

123 1517 280 1589 locorum
313 1526 348 1588 et
377 1515 422 1587 de
448 1519 543 1589 omni
575 1517 689 1588 libelli
721 1519 858 1591 ratione
884 1519 1015 1591 rectius
1042 1518 1170 1589 fuisset
1196 1514 1287 1585 iudi·

128 1612 290 1711 caturus,
317 1619 383 1688 nisi
409 1619 564 1692 Graecos
590 1620 709 1692 fontes
743 1646 894 1719 prorsus
927 1620 1151 1713 neglexisset.
1212 1619 1289 1703 Nec

9 1726 21 1749 ²
65 1792 91 1805 ,,
124 1745 190 1813 ego
211 1719 297 1791 haee
322 1721 449 1792 iccirco
476 1721 573 1819 dico„
603 1735 645 1794 ut
678 1721 722 1794 de
754 1721 918 1795 laudibus
950 1720 1197 1794 modestissimi
1222 1716 1288 1792 viri

123 1812 332 1927 ἆοῒιειΙιειιιιἰ
357 1848 463 1923 quem
494 1825 670 1920 permulta
705 1825 792 1896 scite
827 1825 1090 1897 administrasse
1123 1821 1289 1893 lubenter

124 1935 161 2007 et
184 1950 229 1995 ex
245 1948 331 1995 vero
350 1925 532 1996 confiteor.
584 1919 780 1992 Laudabile
806 1923 863 1993 vel
881 1922 952 2019 hoe
970 1933 1036 2013 est,
1059 1922 1156 2016 quod
1169 1920 1288 1990 verbis

123 2026 237 2121 ipsius
259 2024 386 2095 codicis
409 2022 601 2096 exadverso
624 2022 820 2121 scripturae
839 2047 860 2092 a
880 2048 919 2095 se
939 2021 1141 2096 emendatae
1161 2022 1289 2123 positis

124 2125 192 2198 boc
222 2125 359 2217 effecit,
393 2137 434 2196 ut
465 2126 572 2196 cuivis
603 2122 780 2218 integrum
811 2138 904 2198 esset
939 2124 982 2194 de
1014 2150 1097 2195 vera
1135 2123 1289 2196 lectione

81 2235 95 2247 “
125 2252 303 2329 quaerere.
357 2226 458 2316 Quod
485 2227 683 2325 exemplum
708 2237 851 2299 secutus
875 2253 894 2298 e
921 2227 1064 2320 regione
1081 2224 1208 2299 codicis
1227 2250 1288 2297 ex-

123 2330 239 2428 pressi
265 2329 474 2425 scripturam
501 2353 577 2400 eam
602 2327 801 2427 quaemihi
826 2355 910 2403 vera
929 2327 1133 2422 videbatur3
1160 2330 1288 2417 aQui·

125 2442 244 2506 cerato
281 2441 396 2502 autem
435 2432 472 2500 in
514 2430 644 2529 quibus
681 2430 942 2525 discessissem,
983 2433 1020 2511 in
1058 2431 1127 2502 ima
1161 2431 1290 2525 pagina

66 2593 69 2600 .
124 2559 364 2607 summacum
390 2533 460 2605 fide
486 2534 699 2627 consignavi.
750 2535 917 2606 Eiusdem
938 2534 1129 2606 sententias
1153 2532 1196 2603 de
1210 2533 1288 2602 sin·

125 2635 218 2728 gulis
242 2634 330 2706 locis
357 2634 519 2727 religiose
544 2637 654 2731 ipsius
681 2633 797 2706 verbis
822 2636 971 2709 indicavi
997 2637 1033 2705 in
1050 2636 1288 2708 annotatione.

126 2735 229 2827 Quod
256 2733 440 2807 videbatur
466 2735 616 2834 principi
638 2736 767 2810 editori
788 2734 918 2811 deberi.
969 2739 1072 2809 Nunc
1085 2736 1167 2807 dum
1181 2762 1288 2807 narro

127 2862 216 2936 qnae
244 2863 269 2928 'a
299 2863 381 2934 pag.
394 2833 454 2913 51.
488 2862 600 2935 usque
632 2838 677 2909 ad
702 2835 765 2911 ol.
798 2839 843 2911 de
878 2839 974 2911 omni
1005 2839 1145 2911 ratione
1177 2837 1289 2910 libelli

6 2948 9 2953 ’
124 2940 321 3032 disseruit,¹
340 2937 385 3009 ab
410 2940 490 3035 ipso
515 2942 761 3039 praetermissa
787 2938 985 3037 supplebo,
1024 2964 1210 3037 perperam
1235 2940 1309 3011 di·-

127 3054 184 3117 cta
207 3043 381 3137 corrigam
407 3041 733 3142 demonstraboque
758 3069 802 3115 ex
828 3041 959 3143 quibus
988 3041 1161 3137 lontibus¹
1183 3062 1290 3140 quem

70 3159 73 3168 “
126 3144 164 3216 ἰιι
186 3150 290 3217 nsum
314 3145 534 3242 cpnseriptns
560 3143 705 3219 libellus
731 3170 837 3244 quam
860 3145 1048 3219 utilitatem
1073 3144 1199 3217 afferat
1213 3148 1296 3215 stu·'

40 3272 43 3283 ·
127 3246 236 3339 (liceis
276 3246 473 3319 litterarum
512 3247 757 3321 Romanarum.
821 3249 900 3341 Ego
925 3273 1010 3319 vero
1045 3250 1076 3318 si
1111 3272 1184 3319 non
1209 3255 1290 3341 a'yel·

128 3375 225 3445 vatu
247 3363 274 3435 ἒς
294 3357 343 3422 ud.
355 3369 562 3446 παραχρῆμα,
613 3349 677 3423 fied
716 3373 820 3448 κτῆμα
842 3364 871 3438 ἐς
893 3363 944 3435 αἰὶ
972 3349 1125 3422 condere
1159 3347 1292 3418 voluis·

74 3448 92 3519 .“
129 3466 224 3541 sem,
248 3448 381 3521 diutius
401 3447 469 3521 boe
493 3452 704 3547 opuseulum
728 3453 765 3524 in
779 3453 917 3525 seriniis
932 3448 1290 3525 lueratretinendum.

129 3552 204 3621 Nee
234 3549 382 3625 dubium
413 3546 488 3643 est,
525 3554 612 3650 quin
651 3564 773 3627 eorum
806 3580 947 3654 quoque
977 3555 1094 3626 fontes
1125 3577 1292 3624 versuum

52 3698 57 3708 -
129 3653 285 3749 reperire
311 3652 413 3739 liceat
438 3653 711 3755 plerorumque,
736 3681 829 3755 qnos
853 3682 948 3730 nune
973 3655 1051 3726 aliis
1072 3652 1291 3747 indagandos

130 3756 356 3829 committere
380 3757 549 3850 oportuit.
602 3760 672 3848 Qui
695 3750 905 3857 Euripided's'
936 3751 1126 3830 sententias
1160 3756 1198 3825 ln
1228 3782 1291 3826 nu·

129 3867 264 3928 merato
290 3854 444 3951 babent,
472 3883 535 3930 eos
561 3859 663 3957 plura
689 3861 858 3959 supplere
886 3885 991 3957 posse
1016 3859 1165 3935 confido.
1203 3857 1293 3929 lllild

131 3982 205 4057 non
245 3960 335 4034 tanti
375 3959 582 4055 videbatur,
628 3974 670 4035 ut
712 3965 926 4060 scriptorum
961 3971 1120 4033 veterum
1154 3984 1293 4030 omnem

131 4084 272 4157 gregem
295 4062 516 4156 pervolarem
538 4088 651 4161 pauca
678 4062 799 4151 verba,
814 4074 983 4157 venatus,
1014 4062 1077 4135 sed
1101 4063 1195 4145 iniis
1209 4086 1292 4132 eon·

131 4160 324 4249 sistendum
349 4162 434 4283 l'uit²
472 4190 565 4263 qpee
593 4191 635 4239 se
665 4176 795 4264 sponte
820 4164 990 4255 oll'errent
1015 4165 1071 4238 vel
1105 4164 1293 4236 memoriae

131 4258 237 4336 infixa
260 4254 319 4337 rel
342 4246 379 4336 in
404 4262 535 4338 libellis
560 4264 744 4345 rhetorum
769 4271 985 4345 Graecorum
1005 4262 1162 4367 obvia).
1202 4265 1291 4337 Pro·

148 4538 156 4554 .
200 4499 230 4562 *l
266 4496 404 4566 Quaedam
420 4502 473 4553 iun
491 4516 558 4558 nuuc
575 4510 763 4562 tumuerunt.
797 4500 842 4561 Sic
863 4436 952 4562 ierem
970 4499 1019 4558 ⁷2.
1132 4496 1146 4523 ’“
