2746 4866
287 1564 1056 1679 *inaruerit-2„

552 1753 753 1773 *qm

167 1950 204 2016 ln
214 1948 317 2027 altero
329 1943 495 2011 volumine
510 1933 692 2006 eonmde'm
714 1937 896 2021 annalium,
913 1942 1015 2029 ‘quod
1026 1940 1179 2026 proximo
1193 1963 1247 2010 su·

79 2039 213 2125 periore
234 2055 320 2102 anno
343 2031 465 2095 editum
485 2035 555 2104 est,
576 2026 665 2089 idem
679 2025 861 2099 Onieerutnr
878 2025 1056 2113 publicavit
1076 2028 1250 2110 tunm

69 2125 192 2201 ,minin
215 2124 254 2183 ne
279 2102 450 2183 trtn‘ranre
469 2113 599 2189 Latine,
630 2131 663 2193 p.
678 2109 863 2175 115—147.
906 2111 957 2193 Ex
987 2115 1107 2199 quibus
1128 2128 1252 2200 'pauca

83 2205 233 2279 delibare
254 2201 390 2286 placuit.
1050 2198 1052 2203 '

167 2289 194 2354 l.
238 2290 417 2355 Sententiae
438 2281 578 2342 morales.
624 2277 750 2343 Invenit
769 2278 821 2343 vir
842 2279 961 2348 doetus
981 2283 1015 2349 in
1035 2276 1122 2350 libro
1141 2284 1253 2373 aliquo

83 2375 216 2457 folium,
238 2374 273 2439 in
294 2388 359 2458 quo
382 2386 482 2432 manu
507 2364 666 2441 Grenerii,
690 2364 732 2427 de
755 2367 915 2431 societate
942 2367 1037 2450 lesu,
1066 2373 1254 2457 perscripta

86 2470 182 2530 erant
217 2457 417 2538 „Proverdin
441 2454 554 2523 ueteris
578 2455 738 2533 scriptoria
760 2457 921 2531 anonymi,
947 2474 1078 2537 qnorum
1104 2460 1255 2541 pleraque

85 2569 154 2626 esre
172 2548 314 2608 ridentur
335 2540 443 2602 Publii
465 2536 543 2615 Syri
563 2540 594 2595 et
618 2536 750 2596 alierum
771 2541 826 2616 qni
853 2542 886 2598 in
900 2541 1047 2615 vunientis
1071 2546 1257 2606 editionibus

85 2638 159 2715 poet
177 2630 320 2691 Phaedri
341 2624 469 2708 sannae
497 2621 638 2681 ednntnr.
681 2621 715 2680 n
746 2628 832 2682 meta.
857 2627 922 2684 rud.
947 2616 1256 2706 Repraesentemus,

87 2718 130 2780 X.
156 2734 236 2777 ruer.
265 2707 450 2780 nnm.170,
477 2708 512 2765 in
526 2704 616 2773 Bne
645 2703 806 2766 Vaticana.
824 2716 830 2721 '
850 2703 968 2774 Omisit
991 2706 1180 2783 (incineratur
1199 2731 1258 2784 eas¹

89 2797 292 2879 sententias,
317 2809 403 2877 quae
417 2794 518 2872 ‚erant
540 2795 597 2855 aut
617 2783 725 2851 Publii
740 2786 818 2874 Syri
833 2801 888 2855 aut
906 2788 1068 2867 Senecae.
1110 2795 1261 2862 Prodidit

89 2884 169 2965 has,
190 2873 444 2962 numer0XX1.·‚
466 2889 552 2959 quae
570 2879 682 2936 tamen
699 2892 763 2938 nee
780 2874 876 2958 ipsae
891 2894 1031 2958 prorsus
1042 2899 1154 2947 novae
1169 2892 1261 2948 sunta

100 3002 104 3011 ,
176 2966 207 3031 l.
248 2961 334 3029 Boni
353 2976 469 3025 mores
491 2956 555 3022 sibi
579 2975 714 3041 semper
735 2957 906 3041 placentes
926 2962 1132 3045 permanent

86 3072 90 3079 ·
176 3051 210 3118 2.
255 3045 399 3114 Gravius
420 3043 575 3110 irascitur
596 3043 650 3128 qui
674 3044 764 3128 quod
785 3044 874 3109 dolet
900 3047 964 3112 dee
987 3052 1209 3119 commendat.

176 3135 210 3201 3.
252 3129 348 3198 Multi
369 3132 448 3196 dum
468 3126 536 3193 falli
557 3136 674 3214 putant
694 3126 812 3194 fallere
834 3130 965 3197 docent.
1078 3130 1081 3135 '
1258 3166 1264 3183 .

95 3223 234 3306 (Senee.
268 3217 374 3300 Epist.
408 3212 513 3281 Lucil.
531 3211 561 3278 3.
616 3213 724 3295 „Nam
753 3212 886 3298 quidam
918 3215 1037 3284 fallere
1066 3221 1265 3307 docuerunt,

96 3310 175 3374 dum
194 3305 309 3370 timent
325 3299 445 3382 falli.'')
665 3366 669 3373 ,
1268 3296 1272 3311 ’

180 3388 212 3455 4.
253 3387 330 3452 Non
352 3391 406 3449 est
424 3382 567 3468 hominis
586 3383 693 3449 maior
710 3382 844 3450 stultitia
859 3405 958 3471 quam
974 3398 1092 3473 putare
1108 3392 1269 3460 reamari

48 3482 60 3493 ”
99 3477 142 3551 ab
162 3473 217 3540 bis
244 3474 323 3536 'uos
344 3468 419 3552 ipso
443 3467 483 3550 (l.
501 3465 596 3550 ipse)
617 3487 684 3532 non
705 3467 827 3554 diligat.

182 3559 214 3624 5.
240 3492 334 3623 qNon
355 3554 411 3639 qui
430 3552 545 3619 iussus
565 3550 698 3637 aliquod
718 3555 781 3620 sed
796 3556 851 3642 qui
861 3554 983 3641 invitans
996 3554 1075 3634 iacit
1088 3560 1269 3631 miserest.

69 3676 75 3689 ··
185 3643 216 3794 (ἰ.
259 3633 395 3708 Nullum
414 3637 565 3712 laborem
587 3648 745 3706 recusant
765 3660 884 3727 manns
906 3643 948 3729 ab
971 3653 1081 3712 aratro
1106 3649 1152 3713 ad
1173 3670 1271 3717 arma

68 3760 70 3762 ·
101 3742 193 3797 trans
207 3738 292 3793 atae.
824 3734 827 3739 ’

187 3814 219 3878 7.
262 3812 378 3878 Omnis
421 3808 455 3873 ui
476 3808 603 3874 amicus
627 3818 679 3874 est
698 3819 800 3887 amat,
821 3811 885 3876 sed
904 3833 970 3878 nou
985 3817 1093 3897 emilis
1109 3820 1166 3904 qui
1182 3830 1273 3886 amat

104 3899 232 3965 amicus
254 3906 318 3962 est.
360 3829 540 3979 (blardalis
562 3891 890 3977 Suppositit.XVlll,
908 3897 954 3980 l.)
1051 3970 1054 3975 ,
1125 3918 1152 3937 ·-

188 3979 222 4048 8.
266 3980 388 4060 Omnia
408 3979 471 4044 sibi
491 3977 527 4062 (t.
550 3977 667 4061 uincit)
688 3981 743 4063 qui
765 4000 804 4045 se
814 3983 946 4059 subiicit
958 3987 1084 4063 rationi:
1128 3986 1271 4072 (Seuer.

105 4066 214 4152 Epist.
226 4063 279 4130 37.
314 4064 469 4144 „Ratinni
482 4073 514 4127 te
528 4063 672 4142 subiicit,
695 4065 724 4128 si
738 4066 790 4130 vis
802 4069 912 4132 omnia
924 4071 1110 4156 vincere.”)

108 4238 131 4305 h
186 4150 223 4254 9.
267 4149 387 4217 Omnia
408 4169 483 4216 eum
504 4150 612 4216 aurien
631 4150 816 4218 eommunia
837 4150 972 4220 babebit
994 4157 1049 4242 qui
1075 4157 1178 4226 inulta
1199 4180 1273 4237 cuin

55 4264 59 4273 ’
133 4256 249 4315 amine.
1239 4241 1247 4255 ³

176 4322 225 4387 10.
269 4319 422 4384 Onurium
444 4329 496 4385 est
509 4320 691 4386 eommunis
709 4320 860 4387 inimicus
873 4325 928 4408 qui
941 4322 1047 4399 bostis
1060 4338 1113 4391 est
1127 4348 1272 4398 suorum.

93 4404 99 4417 “
170 4406 232 4485 ll.
268 4404 404 4481 Oriente
429 4404 501 4472 sole
524 4403 714 4489 consilium,
737 4405 908 4474 occidente
931 4412 1125 4495 convivium,
