2746 4866
633 240 822 284 ...svp-..-

147 411 250 514 idem)
283 422 366 507 port
384 417 567 489 Actiacum
591 421 769 488 victorium
803 395 980 506 Anynstc',
1026 421 1118 490 incus
1149 414 1245 504 eines,
1278 425 1317 494 in

148 541 255 590 scena
280 522 394 588 edidit.
446 520 522 587 Pro
547 541 617 611 qno
636 521 763 609 fabulo
788 523 984 591 sestertium
1010 523 1148 592 deciens
1171 527 1331 613 accepit.⁴

256 620 339 719 ¹3⁰2
357 614 585 719 vaniloqffim
611 618 1012 718 borbinemlibrarium,
1040 624 1104 723 qui
1126 648 1196 720 pro
1215 622 1316 723 Thy-

55 757 61 767 ·
150 733 237 796 esto„
257 721 356 794 Lucii
388 722 489 795 Varii
520 721 603 796 Rufi
641 722 685 794 ad
721 714 883 816 Origines
925 722 1063 795 Isidori
1090 726 1317 822 Hispalensis

151 820 354 915 delabatur!
406 825 539 898 Verum
568 822 749 898 Sebolium
776 824 882 912 illud!
894 825 1071 922 quantivis
1104 827 1210 923 pretii
1234 854 1317 902 cum

151 927 347 1000 accuratius
380 927 594 1012 excesserim!
622 928 658 1000 in
692 926 787 1000 Novi
820 927 938 1000 Musei
971 926 1133 1000 Rhenani
1164 930 1319 1002 nVVel·

152 1029 257 1102 clero
282 1039 320 1103 et
346 1028 542 1104 liitscbelio
566 1030 725 1102 renovati
755 1029 923 1102 fasciculo
956 1031 1093 1127 primo,
1126 1056 1220 1102 nunc
1253 1056 1320 1129 ap·
1367 1104 1369 1116 ,

75 1184 78 1195 ι
133 1132 315 1229 posuisse
340 1135 427 1205 satis
448 1129 575 1204 habeo.
679 1202 696 1217 ,v

251 1236 385 1306 Versus
421 1257 512 1331 quos
545 1232 639 1306 edidi
667 1230 835 1307 rhetorici
860 1236 910 1306 ita
946 1234 1051 1331 divisi
1074 1243 1176 1319 sunt
1193 1233 1229 1304 in
1257 1259 1320 1307 co-

152 1334 250 1429 dice,
294 1348 335 1408 ut
361 1334 523 1421 CXLVI.
563 1337 703 1434 priores
734 1347 856 1413 extent
896 1337 934 1408 in
973 1336 1072 1410 foliis
1102 1337 1250 1411 CXXV.
1284 1347 1322 1435 et

154 1437 320 1509 CXXVI.
348 1447 433 1510 rect.
461 1447 497 1510 et
512 1463 612 1510 :vers
638 1448 674 1511 et
699 1439 884 1513 CXXVII.
901 1449 988 1512 rect.
1037 1437 1181 1537 Reliqui
1194 1464 1320 1512 versus

19 1612 24 1625 ,
101 1562 110 1577 ‘·
155 1539 327 1613 xxxvl.
355 1539 421 1610 alia
445 1541 569 1638 scripti
595 1566 703 1614 manu
724 1541 916 1642 cademque
942 1567 1048 1643 quam
1076 1538 1236 1631 scierunt
1263 1566 1320 1614 cc·

46 3651 48 3657 ,
161 3587 385 3664 ιιιεηοοηιειιῖ;
426 3603 505 3662 cur,
545 3582 622 3650 bien

68 4114 71 4119 ·
164 4089 316 4176 muliere,

152 1652 230 1712 tere
255 1641 372 1712 omnia
400 1642 475 1714 eius
501 1641 850 1737 voluminis,vacuo
876 1644 1002 1718 relicto
1027 1643 1117 1715 folio
1134 1640 1320 1716 CXXVII.

40 1792 43 1796 ,
83 1821 86 1828 ,
154 1733 245 1815 vers.
270 1755 464 1843 sequuntur
481 1746 555 1818 tol.
582 1757 668 1820 rect.
683 1748 885 1834 CXXVIII.
938 1749 1065 1848 Neque
1085 1755 1202 1819 tamen
1223 1748 1323 1845 quic·

154 1871 261 1946 quam
283 1845 405 1931 deesse
440 1860 536 1920 recte
570 1849 696 1919 statuit
724 1853 949 1931 (Intuemini,
985 1849 1048 1943 qui
1073 1849 1125 1917 rei
1150 1849 1323 1922 rationem

155 1973 231 2019 eam
256 1949 365 2019 inisse
391 1951 567 2042 repperit,
598 1946 694 2045 quod
719 1943 808 2022 illud
832 1971 983 2042 pensum
1009 1948 1101 2017 inter
1124 1945 1217 2017 duos
1233 1949 1325 2018 scri·

74 2058 77 2065 “
157 2047 223 2119 bas
248 2047 400 2122 divisum
419 2047 544 2120 tuerit.
594 2049 684 2119 Nam
710 2072 833 2138 versus
851 2048 1053 2145 CXLVII,
1080 2047 1142 2144 qui
1168 2057 1224 2119 cst
1248 2050 1326 2145 pris

77 2178 88 2203 ι
154 2176 234 2247 mus
264 2150 301 2220 in
340 2149 428 2232 folio
446 2149 673 2243 CXXVlll.,'
704 2147 800 2239 illius
835 2149 970 2243 figurae
1004 2160 1180 2223 monstrat
1207 2175 1324 2223 exem÷

155 2252 277 2351 plum5
301 2275 397 2353 cquae
422 2252 539 2324 estin
564 2252 632 2336 ima
655 2249 881 2349 pagina'l'olii
897 2251 1082 2336 CXXVII.
1109 2262 1195 2324 rect.
1221 2278 1324 2327 mon·,

156 2363 278 2427 strata.
329 2352 513 2427 Praecedit
549 2354 707 2450 pedestri
742 2355 902 2427 oratione
926 2355 1146 2451 conscriptus
1171 2353 1216 2426 de
1247 2366 1327 2428 arte

118 2533 121 2540 ,
156 2456 330 2541 rhetorica
364 2451 476 2557 lber,
510 2457 580 2530 cui·
596 2456 719 2537 titulus
753 2458 866 2529 nostri
901 2455 1064 2554 opusculi
1091 2454 1324 2555 'subscriptus

157 2559 304 2655 estita,
332 2569 371 2630 nt
398 2557 443 2631 ab
469 2559 512 2630 iis
538 2560 600 2656 qui
628 2559 826 2651 catalogum
852 2557 1011 2632 codicum
1026 2559 1222 2653 coniecere,
1243 2587 1324 2656 per·

158 2685 277 2758 peram
310 2686 377 2757 pro
420 2656 687 2757 subscriptione
724 2659 817 2731 illius
854 2658 998 2731 babitus
1041 2685 1121 2734 esse
1155 2661 1324 2753 videatur,

158 2764 313 2835 Nostros
340 2762 431 2837 enim
458 2786 580 2834 versus
606 2786 755 2859 prorsus
779 2762 962 2856 ignorant-³

54 2926 58 2932 .
261 2865 353 2937 Cum
379 2875 496 2943 autem
527 2863 563 2942 in
597 2861 721 2936 libello
751 2876 876 2942 nostro
902 2860 1073 2961 quaedam
1097 2862 1233 2958 figurae
1260 2892 1325 2941 nne

67 2964 70 2969 ’
159 2964 352 3049 bilissimas
376 2965 639 3059 desiderentur,
666 2968 702 3052 in
726 2965 798 3039 linc
823 2970 903 3039 'esse
927 2975 1130 3059 truncatum
1153 2971 1326 3053 Quicun-¹

161 3076 219 3140 taes
240 3070 400 3155 censuit,
438 3069 536 3142 Idem
553 3093 573 3140 a
588 3070 702 3166 capite
718 3069 891 3169 quaedam
907 3068 1128 3143 intercidisse
1146 3071 1325 3167 opinatur,
1344 3096 1347 3100 ⁵

160 3196 240 3243 cum
272 3171 443 3265 fragmina
475 3172 635 3268 priorum
668 3196 831 3243 versuum
858 3197 930 3270 non
957 3170 1063 3243 luisse
1090 3172 1198 3261 totius
1213 3167 1328 3245 libelli

159 3272 296 3347 initium
321 3283 459 3370 pateat*
507 3273 626 3371 Ipsius
655 3271 764 3359 verba
796 3272 987 3348 ascribam:
1053 3275 1247 3345 L‘nbsencc
1284 3279 1328 3346 dc

159 3379 335 3466 plusieurs
365 3378 497 3466 liquem
538 3382 766 3467 importantur
805 3398 858 3461 rne
900 3380 1015 3451 donne
1036 3374 1069 3444 'ci
1106 3381 1219 3456 croire
1259 3400 1328 3470 qne

161 3484 193 3561 le
213 3500 377 3549 nrorceun
401 3485 458 3548 est
485 3476 680 3573 nonque-¹
721 3503 745 3566 n
767 3477 839 3566 fin3
874 3484 900 3553 u
929 3482 1009 3549 lest
1031 3482 1131 3548 anesi
1155 3500 1205 3562 un
1229 3502 1329 3549 cont-

630 3485 724 3672 We
759 3586 797 3652 n
835 3586 904 3658 tete
934 3584 983 3658 dn
1012 3592 1057 3671 pr
1109 3583 1160 3652 in·
1189 3582 1331 3669 fenitlet

162 3679 248 3773 qn’it
272 3703 401 3772 occupo
425 3687 479 3751 ott
502 3682 559 3752 e'te‘
581 3683 721 3774 entecde
743 3704 814 3774 pur
837 3690 872 3754 tu
888 3692 1040 3777 ‘roqnnrs
1101 3688 1139 3750 ct
1165 3704 1232 3774 que
1265 3684 1330 3761 de'e

163 3788 196 3854 te
221 3785 329 3859 debut
342 3778 383 3854 'ii
398 3784 562 3875 presente
586 3805 656 3853 nne
680 3790 808 3870 lucscne
832 3788 876 3860 de
900 3783 1241 3869 denuntiationes,
1268 3808 1330 3855 ce-

162 3888 320 3976 pendunt
352 3891 385 3956 te
414 3908 484 3976 pen
517 3890 578 3977 qni
609 3892 703 3956 reete
732 3889 794 3957 des
826 3890 922 3957 deun
953 3879 1120 3976 pnemie'rc
1155 3906 1236 3956 cers
1262 3888 1334 3978 fuit

165 4010 270 4058 nescu
301 3992 524 4062 recensetus
550 3991 651 4080 qn’ils
670 3992 781 4074 n’ont
806 3990 939 4074 jonate
968 3987 1024 4068 e'ti
1048 4008 1122 4074 nne
1142 3989 1262 4067 entree
1287 4011 1332 4059 en

266 4191 321 4261 lie
349 4187 403 4261 bis
429 4189 550 4288 paullo
584 4144 781 4265 accuratius
800 4132 1072 4291 lexplibabimus.
1106 4170 1331 4284 'Diligentioss

166 4317 223 4372 res
254 4288 414 4364 rhetores
442 4291 567 4366 Graeci
592 4305 629 4369 et
657 4294 794 4388 Latini,
812 4294 889 4395 quui
920 4291 1111 4387 figurarum
1136 4292 1332 4365 doctrinam

166 4391 235 4477 sibi
260 4393 462 4489 singillatim
488 4395 734 4469 illustrandum
756 4398 1003 4494 sumpserunt,
1030 4420 1106 4469 eam
1124 4393 1333 4477 divisionem

167 4496 376 4592 instituunt,
404 4509 442 4571 ut
469 4499 624 4596 primum
651 4499 696 4574 de
716 4498 843 4594 liguris
878 4498 1150 4590 sententiarum,
1183 4494 1333 4595 postbac
